time_ms,bid,ask,bid_vol,ask_vol
1774976400086,46.26305,46.27005,951893602,956016770
1774976400137,46.26545,46.27255,956016770,956016770
1774976400187,46.26805,46.27465,951893602,976200432
1774976400238,46.26585,46.27295,956016770,956016770
1774976400291,46.26645,46.27345,956016770,956016770
1774976400392,46.26565,46.27265,956016770,956016770
1774976400644,46.25955,46.26665,956016770,956016770
1774976400695,46.25875,46.26595,956016770,956016770
1774976400746,46.25905,46.26615,956016770,956016770
1774976400847,46.26095,46.26815,956016770,956016770
1774976400898,46.26395,46.27115,956016770,956016770
1774976400999,46.26435,46.27085,956016770,984674940
1774976401050,46.26485,46.27185,956016770,984674940
1774976401101,46.26485,46.27205,956016770,956016770
1774976401152,46.26415,46.27135,956016770,956016770
1774976401253,46.26265,46.26975,956016770,956016770
1774976401304,46.26235,46.26955,956016770,956016770
1774976401354,46.26145,46.26855,956016770,956016770
1774976401456,46.25875,46.26585,956016770,956016770
1774976401557,46.26065,46.26775,956016770,956016770
1774976401608,46.26095,46.26815,956016770,956016770
1774976401659,46.26135,46.26845,956016770,956016770
1774976401760,46.26115,46.26825,956016770,956016770
1774976401878,46.25875,46.26585,956016770,956016770
1774976402032,46.25845,46.26565,956016770,956016770
1774976402133,46.25535,46.26255,956016770,956016770
1774976402234,46.25785,46.26495,956016770,956016770
1774976402335,46.25785,46.26505,956016770,956016770
1774976402386,46.25825,46.26535,956016770,956016770
1774976402487,46.25795,46.26505,956016770,956016770
1774976402588,46.25745,46.26455,956016770,956016770
1774976402689,46.25685,46.26395,956016770,956016770
1774976402841,46.25725,46.26445,956016770,956016770
1774976403093,46.25755,46.26465,956016770,956016770
1774976403194,46.25845,46.26555,956016770,956016770
1774976403295,46.25965,46.26675,956016770,956016770
1774976403396,46.25985,46.26695,956016770,956016770
1774976403497,46.25935,46.26645,956016770,956016770
1774976403749,46.25885,46.26602,956016770,965578441
1774976403801,46.25915,46.26502,951893602,960282210
1774976403851,46.25615,46.26325,956016770,956016770
1774976404003,46.25655,46.26375,956016770,956016770
1774976404154,46.25515,46.26225,956016770,956016770
1774976404256,46.25525,46.26235,956016770,956016770
1774976404407,46.25535,46.26245,956016770,956016770
1774976404508,46.25335,46.26045,956016770,956016770
1774976404609,46.25325,46.26035,956016770,956016770
1774976404660,46.25245,46.25965,956016770,956016770
1774976404711,46.25275,46.25985,956016770,956016770
1774976404812,46.25295,46.26005,956016770,956016770
1774976405014,46.25525,46.26202,956016770,965578441
1774976405065,46.25315,46.26025,956016770,956016770
1774976405166,46.25295,46.26005,956016770,956016770
1774976405268,46.25355,46.26062,956016770,965578441
1774976405319,46.25255,46.25975,956016770,956016770
1774976405420,46.25235,46.25935,956016770,956016770
1774976405521,46.25305,46.26005,956016770,956016770
1774976405622,46.25255,46.25965,956016770,956016770
1774976405925,46.25235,46.25935,956016770,956016770
1774976406026,46.25035,46.25735,956016770,956016770
1774976406127,46.25015,46.25715,956016770,956016770
1774976406228,46.24895,46.25595,956016770,956016770
1774976406330,46.24888,46.25575,956016770,956016770
1774976406380,46.25505,46.26205,956016770,956016770
1774976406431,46.25565,46.26265,956016770,956016770
1774976406482,46.25585,46.26295,956016770,956016770
1774976406533,46.25615,46.26315,956016770,956016770
1774976406652,46.25515,46.26215,956016770,956016770
1774976406754,46.25675,46.26375,956016770,956016770
1774976406855,46.25645,46.26345,956016770,956016770
1774976407007,46.25685,46.26395,956016770,956016770
1774976407058,46.25825,46.26402,951893602,956016770
1774976407109,46.25485,46.26185,956016770,956016770
1774976407159,46.25405,46.26105,956016770,956016770
1774976407261,46.25315,46.26015,956016770,956016770
1774976407362,46.25205,46.25905,956016770,956016770
1774976407464,46.24845,46.25545,956016770,956016770
1774976407515,46.24905,46.25615,956016770,956016770
1774976407819,46.24885,46.25575,956016770,956016770
1774976407870,46.24905,46.25605,956016770,956016770
1774976407971,46.24885,46.25595,956016770,956016770
1774976408072,46.24975,46.25685,956016770,956016770
1774976408173,46.25035,46.25745,956016770,956016770
1774976408274,46.25335,46.25972,956016770,965578441
1774976408325,46.25335,46.26045,956016770,956016770
1774976408376,46.25295,46.26005,956016770,956016770
1774976408778,46.25125,46.25845,956016770,956016770
1774976409081,46.25265,46.25975,956016770,956016770
1774976409232,46.25285,46.25995,956016770,956016770
1774976409333,46.25325,46.26045,956016770,956016770
1774976409384,46.25275,46.25985,956016770,956016770
1774976409485,46.25355,46.26075,956016770,956016770
1774976409536,46.25425,46.26135,956016770,956016770
1774976409637,46.25395,46.26095,956016770,956016770
1774976410449,46.25295,46.25995,956016770,956016770
1774976410550,46.25425,46.26125,956016770,956016770
1774976410652,46.25445,46.26145,956016770,956016770
1774976410753,46.25425,46.26125,956016770,956016770
1774976410855,46.25245,46.25945,956016770,956016770
1774976411006,46.25265,46.25965,956016770,956016770
1774976411107,46.25245,46.25945,956016770,956016770
1774976411209,46.25265,46.25965,956016770,956016770
1774976411310,46.25365,46.26065,956016770,956016770
1774976411411,46.25265,46.25965,956016770,956016770
1774976411512,46.25155,46.25855,956016770,956016770
1774976411614,46.25075,46.25775,956016770,956016770
1774976411664,46.25095,46.25805,956016770,956016770
1774976411866,46.25075,46.25775,956016770,956016770
1774976412118,46.25105,46.25805,956016770,956016770
1774976412168,46.25075,46.25785,956016770,956016770
1774976412470,46.25105,46.25805,956016770,956016770
1774976412521,46.25135,46.25845,956016770,956016770
1774976412924,46.25175,46.25875,956016770,956016770
1774976413025,46.25165,46.25865,956016770,956016770
1774976413176,46.25235,46.25822,956016770,965578441
1774976413227,46.24745,46.25445,956016770,956016770
1774976413429,46.24785,46.25485,956016770,956016770
1774976413530,46.24855,46.25555,956016770,956016770
1774976413632,46.25225,46.25925,956016770,956016770
1774976413733,46.24915,46.25615,956016770,956016770
1774976413935,46.24735,46.25435,956016770,956016770
1774976414037,46.24685,46.25385,956016770,956016770
1774976414138,46.24645,46.25345,956016770,956016770
1774976414239,46.24575,46.25285,956016770,956016770
1774976414290,46.24575,46.25062,951893602,965578441
1774976414341,46.24075,46.24775,956016770,956016770
1774976414392,46.24095,46.24795,956016770,956016770
1774976414442,46.24855,46.25565,951893602,956016770
1774976414493,46.25285,46.25995,951893602,956016770
1774976414595,46.25345,46.26055,956016770,956016770
1774976414696,46.25325,46.26035,956016770,956016770
1774976414797,46.25305,46.26015,956016770,956016770
1774976415049,46.25285,46.25995,956016770,956016770
1774976415150,46.24825,46.25535,956016770,956016770
1774976415252,46.24855,46.25565,956016770,956016770
1774976415403,46.24805,46.25515,956016770,956016770
1774976415655,46.24835,46.25545,956016770,956016770
1774976415706,46.24785,46.25505,956016770,956016770
1774976416164,46.24695,46.25405,956016770,956016770
1774976416265,46.24585,46.25305,956016770,956016770
1774976416316,46.24525,46.25235,956016770,956016770
1774976416366,46.24555,46.25285,956016770,956016770
1774976416618,46.24575,46.25305,956016770,956016770
1774976416720,46.24585,46.25315,956016770,956016770
1774976416821,46.24625,46.25355,956016770,956016770
1774976416936,46.24765,46.25495,956016770,956016770
1774976417037,46.24735,46.25465,956016770,956016770
1774976417138,46.24765,46.25495,956016770,956016770
1774976417492,46.24745,46.25475,956016770,956016770
1774976417644,46.24715,46.25445,956016770,956016770
1774976417897,46.24685,46.25415,956016770,956016770
1774976418149,46.24715,46.25445,956016770,956016770
1774976418250,46.24735,46.25465,956016770,956016770
1774976418502,46.24675,46.25415,956016770,956016770
1774976418653,46.24705,46.25435,956016770,956016770
1774976419106,46.24765,46.25495,956016770,956016770
1774976419157,46.25305,46.26045,956016770,956016770
1774976419258,46.25365,46.26095,956016770,956016770
1774976419460,46.25275,46.26015,956016770,956016770
1774976419611,46.25255,46.25985,956016770,956016770
1774976419713,46.25525,46.26255,951893602,956016770
1774976419864,46.25495,46.26225,956016770,956016770
1774976420015,46.25455,46.26185,956016770,956016770
1774976420117,46.25555,46.26285,956016770,956016770
1774976420218,46.25655,46.26352,956016770,956016770
1774976420347,46.25625,46.26352,956016770,956016770
1774976421117,46.25575,46.26275,956016770,956016770
1774976421272,46.25515,46.26215,956016770,956016770
1774976421677,46.25495,46.26195,956016770,956016770
1774976421778,46.25015,46.25715,956016770,956016770
1774976422483,46.25075,46.25785,956016770,956016770
1774976422534,46.25025,46.25725,956016770,956016770
1774976422635,46.25085,46.25785,956016770,956016770
1774976422736,46.24905,46.25605,956016770,956016770
1774976422837,46.24865,46.25565,956016770,956016770
1774976422939,46.25265,46.25965,956016770,956016770
1774976423040,46.25225,46.25925,956016770,956016770
1774976423141,46.25055,46.25755,956016770,956016770
1774976423242,46.25095,46.25795,956016770,956016770
1774976423293,46.25215,46.25925,956016770,956016770
1774976423445,46.25175,46.25875,956016770,956016770
1774976423546,46.25195,46.25895,956016770,956016770
1774976424201,46.25215,46.25925,956016770,956016770
1774976424251,46.25195,46.25895,956016770,956016770
1774976424503,46.25235,46.25935,956016770,956016770
1774976424906,46.25255,46.25955,956016770,956016770
1774976425208,46.25235,46.25925,956016770,956016770
1774976425309,46.25055,46.25652,951893602,960282210
1774976425360,46.24535,46.25235,956016770,956016770
1774976425411,46.24515,46.25215,956016770,956016770
1774976425512,46.24125,46.24825,956016770,956016770
1774976425663,46.24145,46.24845,956016770,956016770
1774976425866,46.24195,46.24895,956016770,956016770
1774976426017,46.24215,46.24915,951893602,956016770
1774976426118,46.24245,46.24945,956016770,956016770
1774976426320,46.24415,46.25115,956016770,956016770
1774976426421,46.24155,46.24855,956016770,956016770
1774976426573,46.24165,46.24865,956016770,956016770
1774976427095,46.24185,46.24885,956016770,956016770
1774976427197,46.24075,46.24775,956016770,956016770
1774976427298,46.24125,46.24825,956016770,956016770
1774976427399,46.23795,46.24495,956016770,956016770
1774976427602,46.23825,46.24525,956016770,956016770
1774976428711,46.23775,46.24475,956016770,956016770
1774976428761,46.23805,46.24515,956016770,956016770
1774976429414,46.23825,46.24535,956016770,956016770
1774976429516,46.23755,46.24455,956016770,956016770
1774976429818,46.23775,46.24475,956016770,956016770
1774976430421,46.23815,46.24515,956016770,956016770
1774976430699,46.23398,46.23972,956016770,965578441
1774976430749,46.23295,46.23995,956016770,956016770
1774976430851,46.23305,46.24005,956016770,956016770
1774976430952,46.23355,46.24055,956016770,956016770
1774976431053,46.23325,46.24025,956016770,956016770
1774976431457,46.23305,46.24005,956016770,956016770
1774976431558,46.23385,46.24085,956016770,956016770
1774976431861,46.23265,46.23952,956016770,956016770
1774976431962,46.23285,46.23952,956016770,956016770
1774976432264,46.23265,46.23952,956016770,956016770
1774976432467,46.23315,46.23932,951893602,965578441
1774976432568,46.23295,46.23952,951893602,956016770
1774976432669,46.23115,46.23752,956016770,956016770
1774976432870,46.23035,46.23735,956016770,956016770
1774976432921,46.23235,46.23852,956016770,956016770
1774976433123,46.23135,46.23835,956016770,956016770
1774976433174,46.23745,46.24445,956016770,956016770
1774976433277,46.23695,46.24395,956016770,956016770
1774976433378,46.23455,46.24155,956016770,956016770
1774976433580,46.23345,46.24045,956016770,956016770
1774976433682,46.23385,46.24085,956016770,956016770
1774976433783,46.23335,46.24035,956016770,956016770
1774976433884,46.23385,46.24085,956016770,956016770
1774976434437,46.23445,46.24145,956016770,956016770
1774976434538,46.23505,46.24205,956016770,956016770
1774976434690,46.23475,46.24175,956016770,956016770
1774976434792,46.23575,46.24275,956016770,956016770
1774976435197,46.23485,46.24185,956016770,956016770
1774976435450,46.23545,46.24245,956016770,956016770
1774976435551,46.23705,46.24405,956016770,956016770
1774976435652,46.23735,46.24435,956016770,956016770
1774976436155,46.23715,46.24415,956016770,956016770
1774976436256,46.23775,46.24485,956016770,956016770
1774976436358,46.23835,46.24535,956016770,956016770
1774976436459,46.23865,46.24565,956016770,956016770
1774976437063,46.23935,46.24635,956016770,956016770
1774976437164,46.23775,46.24475,956016770,956016770
1774976437265,46.23695,46.24395,956016770,956016770
1774976437342,46.23675,46.24385,956016770,956016770
1774976437595,46.23655,46.24355,956016770,956016770
1774976437697,46.24105,46.24805,956016770,956016770
1774976437798,46.24005,46.24705,956016770,956016770
1774976437950,46.24025,46.24725,956016770,956016770
1774976438052,46.24215,46.24915,956016770,956016770
1774976438153,46.24285,46.24985,956016770,956016770
1774976438555,46.24315,46.25015,956016770,956016770
1774976438656,46.24405,46.25105,956016770,956016770
1774976438707,46.24495,46.25205,956016770,956016770
1774976438758,46.24535,46.25235,956016770,956016770
1774976438859,46.24405,46.25105,956016770,956016770
1774976438960,46.24145,46.24845,956016770,956016770
1774976439061,46.24215,46.24915,956016770,956016770
1774976439263,46.24285,46.24985,956016770,956016770
1774976439364,46.24255,46.24955,956016770,956016770
1774976439717,46.24205,46.24905,956016770,956016770
1774976440472,46.24375,46.25075,956016770,956016770
1774976440573,46.24245,46.24945,956016770,956016770
1774976441026,46.24325,46.25025,956016770,956016770
1774976441354,46.24355,46.25055,956016770,956016770
1774976441455,46.24385,46.25085,956016770,956016770
1774976441557,46.24285,46.24985,956016770,956016770
1774976441658,46.24415,46.25115,956016770,956016770
1774976442161,46.24535,46.25235,956016770,956016770
1774976442262,46.24425,46.25125,956016770,956016770
1774976442363,46.24615,46.25315,956016770,956016770
1774976442516,46.24675,46.25375,956016770,956016770
1774976442822,46.24505,46.25215,956016770,956016770
1774976443074,46.24545,46.25245,956016770,956016770
1774976443175,46.24665,46.25365,956016770,956016770
1774976443478,46.24735,46.25435,956016770,956016770
1774976443579,46.24785,46.25485,956016770,956016770
1774976443680,46.24905,46.25605,956016770,956016770
1774976443882,46.24815,46.25515,956016770,956016770
1774976444286,46.24825,46.25535,956016770,956016770
1774976444387,46.24765,46.25465,956016770,956016770
1774976444538,46.24725,46.25425,956016770,956016770
1774976444841,46.24765,46.25465,956016770,956016770
1774976445193,46.24705,46.25405,956016770,956016770
1774976445396,46.24785,46.25485,956016770,956016770
1774976445497,46.24745,46.25445,956016770,956016770
1774976446351,46.24805,46.25505,956016770,956016770
1774976446452,46.24735,46.25445,956016770,956016770
1774976446755,46.24805,46.25505,956016770,956016770
1774976446856,46.24785,46.25485,956016770,956016770
1774976446957,46.24805,46.25505,956016770,956016770
1774976447058,46.24905,46.25605,956016770,956016770
1774976447159,46.25055,46.25755,956016770,956016770
1774976447261,46.24965,46.25665,956016770,956016770
1774976447714,46.24985,46.25685,956016770,956016770
1774976447815,46.24965,46.25665,956016770,956016770
1774976448018,46.25145,46.25845,956016770,956016770
1774976448121,46.25025,46.25725,956016770,956016770
1774976448224,46.24985,46.25685,956016770,956016770
1774976448376,46.25035,46.25735,956016770,956016770
1774976448578,46.24995,46.25695,956016770,956016770
1774976449233,46.24985,46.25685,956016770,956016770
1774976449384,46.25005,46.25705,956016770,956016770
1774976449488,46.24985,46.25685,956016770,956016770
1774976449639,46.24925,46.25635,956016770,956016770
1774976449690,46.24955,46.25655,956016770,956016770
1774976449892,46.24905,46.25605,956016770,956016770
1774976449993,46.24825,46.25525,956016770,956016770
1774976450094,46.24765,46.25465,956016770,956016770
1774976451200,46.24825,46.25525,956016770,956016770
1774976451301,46.24765,46.25475,956016770,956016770
1774976451553,46.24745,46.25445,956016770,956016770
1774976451654,46.24825,46.25525,956016770,956016770
1774976451825,46.24765,46.25475,956016770,956016770
1774976452480,46.24795,46.25495,956016770,956016770
1774976452581,46.24715,46.25415,956016770,956016770
1774976453485,46.24645,46.25355,956016770,956016770
1774976453536,46.24675,46.25385,956016770,956016770
1774976454139,46.24705,46.25415,956016770,956016770
1774976454592,46.24745,46.25455,956016770,956016770
1774976454845,46.24735,46.25445,956016770,956016770
1774976455097,46.24795,46.25505,956016770,956016770
1774976455199,46.24725,46.25435,956016770,956016770
1774976455551,46.24665,46.25375,956016770,956016770
1774976455655,46.24735,46.25445,956016770,956016770
1774976456359,46.24795,46.25505,956016770,956016770
1774976456460,46.24735,46.25445,956016770,956016770
1774976456862,46.24695,46.25405,956016770,951893602
1774976456964,46.25275,46.25892,951893602,965578441
1774976457015,46.25315,46.26025,951893602,956016770
1774976457217,46.25345,46.26052,951893602,956016770
1774976457267,46.25345,46.26055,956016770,956016770
1774976457368,46.25365,46.26075,956016770,956016770
1774976457471,46.25225,46.25935,956016770,956016770
1774976457572,46.25245,46.25955,956016770,956016770
1774976457874,46.25265,46.25975,956016770,956016770
1774976457975,46.25275,46.25985,956016770,956016770
1774976458886,46.25305,46.25952,951893602,968670818
1774976458937,46.25275,46.25952,951893602,956016770
1774976459092,46.25275,46.25932,951893602,965578441
1774976459344,46.25275,46.25942,951893602,965578441
1774976459495,46.25275,46.25932,951893602,965578441
1774976459596,46.25275,46.25912,951893602,965578441
1774976459898,46.25275,46.25985,956016770,956016770
1774976460049,46.25255,46.25965,956016770,956016770
1774976460251,46.25295,46.25995,956016770,956016770
1774976460302,46.24908,46.25205,956016770,956016770
1774976460358,46.24405,46.25115,956016770,956016770
1774976460410,46.24495,46.25205,956016770,956016770
1774976460511,46.24525,46.25235,956016770,956016770
1774976460864,46.24435,46.25145,956016770,956016770
1774976461167,46.24445,46.25145,956016770,956016770
1774976461268,46.24525,46.25225,956016770,956016770
1774976461371,46.24595,46.25295,956016770,956016770
1774976462076,46.24535,46.25245,956016770,956016770
1774976462327,46.24565,46.25275,956016770,956016770
1774976462428,46.24765,46.25465,956016770,956016770
1774976462500,46.24735,46.25445,956016770,956016770
1774976462803,46.24805,46.25515,956016770,956016770
1774976462904,46.24925,46.25635,956016770,956016770
1774976463006,46.24945,46.25655,956016770,956016770
1774976463157,46.24935,46.25645,956016770,956016770
1774976463309,46.24995,46.25705,956016770,956016770
1774976463410,46.24945,46.25655,956016770,956016770
1774976463511,46.24905,46.25615,956016770,956016770
1774976463612,46.24935,46.25645,956016770,956016770
1774976464015,46.24825,46.25535,956016770,956016770
1774976464116,46.24755,46.25455,956016770,956016770
1774976464318,46.24795,46.25505,956016770,956016770
1774976464368,46.24875,46.25585,956016770,956016770
1774976464520,46.24815,46.25525,956016770,956016770
1774976466278,46.24875,46.25585,956016770,956016770
1774976466581,46.24925,46.25625,956016770,956016770
1774976466632,46.24995,46.25705,956016770,956016770
1774976466682,46.25085,46.25795,956016770,956016770
1774976466784,46.25245,46.25952,956016770,956016770
1774976466885,46.25295,46.25952,956016770,956016770
1774976467037,46.25295,46.26005,956016770,956016770
1774976467590,46.25285,46.25995,956016770,956016770
1774976467843,46.25245,46.25945,956016770,956016770
1774976467894,46.25235,46.25945,956016770,956016770
1774976467945,46.25305,46.26015,956016770,956016770
1774976468046,46.25295,46.26005,956016770,956016770
1774976468398,46.25235,46.25945,956016770,956016770
1774976468500,46.25295,46.26005,956016770,956016770
1774976469119,46.25235,46.25945,956016770,956016770
1774976469220,46.25265,46.25965,956016770,956016770
1774976469322,46.25235,46.25945,956016770,956016770
1774976469524,46.25305,46.26015,956016770,956016770
1774976469777,46.25365,46.26065,956016770,956016770
1774976469828,46.25285,46.25995,956016770,956016770
1774976470482,46.25365,46.26075,956016770,956016770
1774976470633,46.25275,46.25985,956016770,956016770
1774976470735,46.25235,46.25945,956016770,956016770
1774976471488,46.25275,46.25985,956016770,956016770
1774976471690,46.25625,46.26335,956016770,956016770
1774976471791,46.25575,46.26275,956016770,956016770
1774976472545,46.25595,46.26402,956016770,965578441
1774976472596,46.25615,46.26362,956016770,965578441
1774976472647,46.25485,46.26325,956016770,956016770
1774976472698,46.25475,46.26315,956016770,956016770
1774976473529,46.25505,46.26345,956016770,956016770
1774976473631,46.25845,46.26552,951893602,956016770
1774976473683,46.25865,46.26705,956016770,956016770
1774976473784,46.25895,46.26662,956016770,965578441
1774976473834,46.25795,46.26635,956016770,956016770
1774976473987,46.25825,46.26665,956016770,956016770
1774976474088,46.25855,46.26695,956016770,956016770
1774976474340,46.25915,46.26752,956016770,956016770
1774976474442,46.26345,46.27152,956016770,956016770
1774976474493,46.26285,46.27125,956016770,956016770
1774976474594,46.26335,46.27152,956016770,956016770
1774976474897,46.26475,46.27315,956016770,956016770
1774976474998,46.26425,46.27275,956016770,956016770
1774976475099,46.26405,46.27245,956016770,956016770
1774976475200,46.26355,46.27195,956016770,956016770
1774976475301,46.26515,46.27295,956016770,956016770
1774976475653,46.26515,46.27272,956016770,965578441
1774976475704,46.26515,46.27295,956016770,956016770
1774976476158,46.26565,46.27335,956016770,956016770
1774976476560,46.26495,46.27275,956016770,956016770
1774976476611,46.26555,46.27335,956016770,956016770
1774976476712,46.26505,46.27285,956016770,956016770
1774976476814,46.26635,46.27352,956016770,956016770
1774976476915,46.26575,46.27352,956016770,956016770
1774976476966,46.26575,46.27342,956016770,965578441
1774976477117,46.26635,46.27352,956016770,956016770
1774976477219,46.26545,46.27252,956016770,956016770
1774976477269,46.26535,46.27252,956016770,956016770
1774976478325,46.26525,46.27305,956016770,956016770
1774976478527,46.26525,46.27292,956016770,965578441
1774976478578,46.26515,46.27292,956016770,965578441
1774976478629,46.26515,46.27295,956016770,956016770
1774976479153,46.26565,46.27332,956016770,965578441
1774976479204,46.26505,46.27285,956016770,956016770
1774976479254,46.26445,46.27225,956016770,956016770
1774976479355,46.26475,46.27255,956016770,956016770
1774976479456,46.26235,46.27015,956016770,956016770
1774976479809,46.26255,46.27035,956016770,956016770
1774976480311,46.26235,46.27015,956016770,956016770
1774976480463,46.26325,46.27105,956016770,956016770
1774976480715,46.26275,46.27055,956016770,956016770
1774976480816,46.26515,46.27252,956016770,956016770
1774976480917,46.26575,46.27252,956016770,956016770
1774976481119,46.26555,46.27252,956016770,956016770
1774976481622,46.26505,46.27242,956016770,965578441
1774976481723,46.26505,46.27252,956016770,956016770
1774976481975,46.26455,46.27235,956016770,956016770
1774976482026,46.26495,46.27252,956016770,956016770
1774976482629,46.26465,46.27245,956016770,956016770
1774976482679,46.26435,46.27205,956016770,956016770
1774976482831,46.26305,46.27085,956016770,956016770
1774976482882,46.26335,46.27115,956016770,956016770
1774976483083,46.26305,46.26852,956016770,965578441
1774976483134,46.26225,46.26952,956016770,956016770
1774976483185,46.26155,46.26935,956016770,956016770
1774976483235,46.26215,46.26952,956016770,956016770
1774976483437,46.26245,46.26952,956016770,956016770
1774976483565,46.26315,46.27095,956016770,956016770
1774976484222,46.26405,46.27162,956016770,965578441
1774976484273,46.26375,46.27155,956016770,956016770
1774976484425,46.26405,46.27182,956016770,965578441
1774976484476,46.26405,46.27185,956016770,956016770
1774976484527,46.26355,46.27135,956016770,956016770
1774976484628,46.26365,46.27142,956016770,965578441
1774976484679,46.26425,46.27205,956016770,956016770
1774976484729,46.26475,46.27242,956016770,965578441
1774976484831,46.26495,46.27052,951893602,956016770
1774976484881,46.26185,46.26965,956016770,956016770
1774976484932,46.26255,46.27035,956016770,956016770
1774976485033,46.26275,46.27052,956016770,965578441
1774976485083,46.26275,46.27055,956016770,956016770
1774976485686,46.26275,46.27052,956016770,956016770
1774976486339,46.26275,46.27055,956016770,956016770
1774976486390,46.26275,46.26982,956016770,965578441
1774976486440,46.26255,46.26982,956016770,965578441
1774976486541,46.26255,46.27035,956016770,956016770
1774976486743,46.26285,46.27065,956016770,956016770
1774976486844,46.26365,46.27132,956016770,965578441
1774976487146,46.26365,46.27145,956016770,956016770
1774976487447,46.26355,46.27135,956016770,956016770
1774976487799,46.26305,46.27085,956016770,956016770
1774976488001,46.26395,46.27175,956016770,956016770
1774976488254,46.26355,46.27135,956016770,956016770
1774976488606,46.26435,46.27215,956016770,956016770
1774976488707,46.26615,46.27352,956016770,956016770
1774976489779,46.26515,46.27295,956016770,956016770
1774976489982,46.26555,46.27335,956016770,956016770
1774976490086,46.26235,46.27015,956016770,956016770
1774976490390,46.26305,46.27085,956016770,956016770
1774976490642,46.26195,46.26975,956016770,956016770
1774976490743,46.26165,46.26945,956016770,956016770
1774976490894,46.26185,46.26965,956016770,956016770
1774976490995,46.26045,46.26825,956016770,956016770
1774976491096,46.26055,46.26835,956016770,956016770
1774976491300,46.26485,46.27152,951893602,956016770
1774976491401,46.26465,46.27152,951893602,956016770
1774976491502,46.26465,46.27245,951893602,956016770
1774976491854,46.26535,46.27315,956016770,956016770
1774976492406,46.26535,46.27262,956016770,965578441
1774976492658,46.26535,46.27242,956016770,965578441
1774976492709,46.26475,46.27252,956016770,965578441
1774976492760,46.26475,46.27255,956016770,956016770
1774976492811,46.26545,46.27312,956016770,965578441
1774976492962,46.26525,46.27305,956016770,956016770
1774976493164,46.26525,46.27302,956016770,965578441
1774976493365,46.26545,46.27282,951893602,965578441
1774976493717,46.26545,46.27302,956016770,965578441
1774976493768,46.26525,46.27082,951893602,965578441
1774976493819,46.26245,46.27025,956016770,956016770
1774976493900,46.26205,46.26985,956016770,956016770
1774976494001,46.26125,46.26905,956016770,956016770
1774976494153,46.26155,46.26935,956016770,956016770
1774976494255,46.26115,46.26895,956016770,956016770
1774976494908,46.26165,46.26912,951893602,965578441
1774976494959,46.26215,46.26995,956016770,956016770
1774976495111,46.26095,46.26865,956016770,956016770
1774976495223,46.26065,46.26845,956016770,956016770
1774976496231,46.26105,46.26885,956016770,956016770
1774976496332,46.26135,46.26915,956016770,956016770
1774976496433,46.26065,46.26845,956016770,956016770
1774976497589,46.25985,46.26765,956016770,956016770
1774976497690,46.25965,46.26745,956016770,956016770
1774976497942,46.26005,46.26785,956016770,956016770
1774976498043,46.26055,46.26835,956016770,956016770
1774976498345,46.26075,46.26855,956016770,956016770
1774976498497,46.26055,46.26835,956016770,956016770
1774976498598,46.26485,46.27265,956016770,956016770
1774976498700,46.26635,46.27415,956016770,956016770
1774976498801,46.26285,46.27065,956016770,956016770
1774976498902,46.26305,46.27085,956016770,956016770
1774976499483,46.26285,46.27065,956016770,956016770
1774976499584,46.26205,46.26985,956016770,956016770
1774976499786,46.26265,46.27045,956016770,956016770
1774976499887,46.26215,46.26985,956016770,956016770
1774976500139,46.26265,46.27045,956016770,956016770
1774976501402,46.26235,46.27015,956016770,956016770
1774976502107,46.26305,46.27085,956016770,956016770
1774976502208,46.26545,46.27325,956016770,956016770
1774976502311,46.26525,46.27305,956016770,956016770
1774976502563,46.26495,46.27275,956016770,956016770
1774976503016,46.26515,46.27295,956016770,956016770
1774976503671,46.27105,46.27882,951893602,965578441
1774976503721,46.27105,46.27885,956016770,956016770
1774976503823,46.27165,46.27945,956016770,956016770
1774976503924,46.27145,46.27925,956016770,956016770
1774976504502,46.27165,46.27945,956016770,956016770
1774976504603,46.27095,46.27875,956016770,956016770
1774976504905,46.27055,46.27835,956016770,956016770
1774976505357,46.27125,46.27902,956016770,965578441
1774976505510,46.27065,46.27845,956016770,956016770
1774976505862,46.27125,46.27905,956016770,956016770
1774976505963,46.27055,46.27832,956016770,965578441
1774976506014,46.27055,46.27835,956016770,956016770
1774976506116,46.27125,46.27905,956016770,956016770
1774976506318,46.27175,46.27952,956016770,956016770
1774976506368,46.27225,46.28005,956016770,956016770
1774976507222,46.27455,46.28235,956016770,956016770
1774976507323,46.27605,46.28385,956016770,956016770
1774976507475,46.27505,46.28252,951893602,956016770
1774976507777,46.27355,46.28135,956016770,956016770
1774976507827,46.27315,46.28095,956016770,956016770
1774976507928,46.27285,46.28065,956016770,956016770
1774976508030,46.27185,46.27965,956016770,956016770
1774976508131,46.27195,46.27975,956016770,956016770
1774976508534,46.27165,46.27945,956016770,956016770
1774976508635,46.27195,46.27975,956016770,956016770
1774976508988,46.27215,46.27972,956016770,965578441
1774976509039,46.27175,46.27955,956016770,956016770
1774976509090,46.27175,46.27952,956016770,956016770
1774976509241,46.27175,46.27955,956016770,956016770
1774976509292,46.27175,46.27952,951893602,956016770
1774976510031,46.27055,46.27835,956016770,956016770
1774976510333,46.27065,46.27845,956016770,956016770
1774976510836,46.27135,46.27915,956016770,956016770
1774976510937,46.27115,46.27895,956016770,956016770
1774976511088,46.27065,46.27845,956016770,956016770
1774976511239,46.27135,46.27915,956016770,956016770
1774976511340,46.27115,46.27895,956016770,956016770
1774976511842,46.27105,46.27885,956016770,956016770
1774976512447,46.27175,46.27955,956016770,956016770
1774976512599,46.27155,46.27925,956016770,956016770
1774976512700,46.27095,46.27875,956016770,956016770
1774976512751,46.27055,46.27835,956016770,956016770
1774976513154,46.27065,46.27845,956016770,956016770
1774976514260,46.27005,46.27785,956016770,956016770
1774976514361,46.26905,46.27685,956016770,956016770
1774976514664,46.26865,46.27645,956016770,956016770
1774976515002,46.26895,46.27675,956016770,956016770
1774976515103,46.27005,46.27785,956016770,956016770
1774976515205,46.27075,46.27855,956016770,956016770
1774976515457,46.27175,46.27942,956016770,965578441
1774976515559,46.27255,46.28025,956016770,956016770
1774976515610,46.27175,46.27955,956016770,956016770
1774976515812,46.27115,46.27895,956016770,956016770
1774976515913,46.27125,46.27905,956016770,956016770
1774976516365,46.27055,46.27835,956016770,956016770
1774976517069,46.27195,46.27975,956016770,956016770
1774976517170,46.27115,46.27895,956016770,956016770
1774976517777,46.27175,46.27955,956016770,956016770
1774976517979,46.27245,46.28002,956016770,965578441
1774976518030,46.27245,46.28025,956016770,956016770
1774976518081,46.27315,46.28095,956016770,956016770
1774976518733,46.27285,46.27995,956016770,956016770
1774976518884,46.27225,46.27935,956016770,956016770
1774976520096,46.27265,46.27975,956016770,956016770
1774976520701,46.27295,46.28005,956016770,956016770
1774976520903,46.27295,46.27995,956016770,956016770
1774976521004,46.27365,46.28075,956016770,956016770
1774976521055,46.27345,46.28055,956016770,956016770
1774976521306,46.27295,46.28005,956016770,956016770
1774976521659,46.27345,46.28055,956016770,956016770
1774976521926,46.27265,46.27975,956016770,956016770
1774976522116,46.27295,46.28005,956016770,956016770
1774976522223,46.27285,46.27995,956016770,956016770
1774976522325,46.27265,46.27975,956016770,956016770
1774976522778,46.27235,46.27945,956016770,956016770
1774976523080,46.27255,46.27922,956016770,965578441
1774976523181,46.26845,46.27545,956016770,956016770
1774976523232,46.26925,46.27635,956016770,956016770
1774976523283,46.26895,46.27605,956016770,956016770
1774976523384,46.26925,46.27635,956016770,956016770
1774976523485,46.26975,46.27685,956016770,956016770
1774976523586,46.26895,46.27605,956016770,956016770
1774976523738,46.26975,46.27685,956016770,956016770
1774976523839,46.27085,46.27795,956016770,956016770
1774976523940,46.27155,46.27865,956016770,956016770
1774976524042,46.27195,46.27905,956016770,956016770
1774976524243,46.27225,46.27925,956016770,956016770
1774976524294,46.27165,46.27875,956016770,956016770
1774976524345,46.27145,46.27845,956016770,956016770
1774976524395,46.27205,46.27915,956016770,956016770
1774976525200,46.27185,46.27885,956016770,956016770
1774976525251,46.27045,46.27755,956016770,956016770
1774976525301,46.27095,46.27805,956016770,956016770
1774976525403,46.27075,46.27785,956016770,956016770
1774976525932,46.27335,46.28045,956016770,956016770
1774976526134,46.27345,46.28055,951893602,956016770
1774976526235,46.27265,46.27975,951893602,956016770
1774976526336,46.27145,46.27855,956016770,956016770
1774976527748,46.27165,46.27875,956016770,956016770
1774976527849,46.27275,46.27975,956016770,956016770
1774976528904,46.27325,46.28035,956016770,956016770
1774976529055,46.27305,46.28015,956016770,956016770
1774976529156,46.27265,46.27965,956016770,956016770
1774976529257,46.27215,46.27925,956016770,956016770
1774976529610,46.27335,46.28045,956016770,956016770
1774976529862,46.27285,46.27985,956016770,956016770
1774976530063,46.27235,46.27945,956016770,956016770
1774976531135,46.27285,46.27995,956016770,956016770
1774976531741,46.27225,46.27935,956016770,956016770
1774976532394,46.27235,46.27945,956016770,956016770
1774976533098,46.27245,46.27955,956016770,956016770
1774976533199,46.27475,46.28185,956016770,956016770
1774976533551,46.27425,46.28135,956016770,956016770
1774976533653,46.27335,46.28035,956016770,956016770
1774976534256,46.27225,46.27935,956016770,956016770
1774976534357,46.27205,46.27915,956016770,956016770
1774976536066,46.27165,46.27875,956016770,956016770
1774976536168,46.27135,46.27845,956016770,956016770
1774976536673,46.27235,46.27945,956016770,956016770
1774976536774,46.27295,46.27995,956016770,956016770
1774976537401,46.27355,46.28065,956016770,956016770
1774976537452,46.27275,46.27985,956016770,956016770
1774976538105,46.27255,46.27965,956016770,956016770
1774976538206,46.27285,46.27995,956016770,956016770
1774976538308,46.27345,46.28055,956016770,956016770
1774976538409,46.27505,46.28215,956016770,956016770
1774976538611,46.27565,46.28275,956016770,956016770
1774976538964,46.27625,46.28325,956016770,956016770
1774976539015,46.27835,46.28545,956016770,956016770
1774976539067,46.27695,46.28405,956016770,956016770
1774976539170,46.27705,46.28405,956016770,956016770
1774976539220,46.28095,46.28805,956016770,956016770
1774976539273,46.27885,46.28585,956016770,956016770
1774976539324,46.28065,46.28775,956016770,956016770
1774976539375,46.28125,46.28835,956016770,956016770
1774976539527,46.28045,46.28755,956016770,956016770
1774976539628,46.28075,46.28775,956016770,956016770
1774976539730,46.28045,46.28755,956016770,956016770
1774976539831,46.28065,46.28775,956016770,956016770
1774976539933,46.27985,46.28695,956016770,956016770
1774976540034,46.28015,46.28725,956016770,956016770
1774976540135,46.28005,46.28705,956016770,956016770
1774976540438,46.28025,46.28725,951893602,956016770
1774976540489,46.27785,46.28495,956016770,956016770
1774976541327,46.27845,46.28555,956016770,956016770
1774976541429,46.27785,46.28495,956016770,956016770
1774976541530,46.27735,46.28445,956016770,956016770
1774976541832,46.27815,46.28515,956016770,956016770
1774976541983,46.27845,46.28555,956016770,956016770
1774976542085,46.27785,46.28495,956016770,956016770
1774976542237,46.27695,46.28405,956016770,956016770
1774976542590,46.27755,46.28455,956016770,956016770
1774976542892,46.27685,46.28395,956016770,956016770
1774976542942,46.27635,46.28345,956016770,956016770
1774976543044,46.27665,46.28375,956016770,956016770
1774976543147,46.27615,46.28325,956016770,956016770
1774976543248,46.27615,46.28315,956016770,956016770
1774976543299,46.27615,46.28325,956016770,956016770
1774976543451,46.27645,46.28345,956016770,956016770
1774976543552,46.27635,46.28345,956016770,956016770
1774976543603,46.27615,46.28325,956016770,956016770
1774976543804,46.27595,46.28295,956016770,956016770
1774976543855,46.27525,46.28235,956016770,956016770
1774976543905,46.27565,46.28265,956016770,956016770
1774976544007,46.27535,46.28235,956016770,956016770
1774976544209,46.27605,46.28315,956016770,956016770
1774976544260,46.27535,46.28245,956016770,956016770
1774976544361,46.27555,46.28265,956016770,956016770
1774976544662,46.27535,46.28245,956016770,956016770
1774976545717,46.27595,46.28305,956016770,956016770
1774976545819,46.27625,46.28325,956016770,956016770
1774976545920,46.27595,46.28295,956016770,956016770
1774976546022,46.27545,46.28245,956016770,956016770
1774976546676,46.27495,46.28205,956016770,956016770
1774976546750,46.27535,46.28245,956016770,956016770
1774976546853,46.27515,46.28225,956016770,956016770
1774976547559,46.27695,46.28395,956016770,956016770
1774976547610,46.27715,46.28425,956016770,956016770
1774976547661,46.27645,46.28355,956016770,956016770
1774976547763,46.27675,46.28385,956016770,956016770
1774976548217,46.27695,46.28405,956016770,956016770
1774976548319,46.27795,46.28495,956016770,956016770
1774976548520,46.27725,46.28425,956016770,956016770
1774976548571,46.27805,46.28515,956016770,956016770
1774976548823,46.27865,46.28575,956016770,956016770
1774976549426,46.27895,46.28595,956016770,956016770
1774976550181,46.27845,46.28555,956016770,956016770
1774976550231,46.27775,46.28485,956016770,956016770
1774976550584,46.27805,46.28515,956016770,956016770
1774976550685,46.27755,46.28465,956016770,956016770
1774976550786,46.27715,46.28405,956016770,956016770
1774976551666,46.27735,46.28425,956016770,956016770
1774976552220,46.27685,46.28385,956016770,956016770
1774976552271,46.27565,46.28255,956016770,956016770
1774976552573,46.27545,46.28235,956016770,956016770
1774976553227,46.27235,46.27935,956016770,956016770
1774976553580,46.27185,46.27875,956016770,956016770
1774976554133,46.27205,46.27905,956016770,956016770
1774976554184,46.27295,46.27985,956016770,956016770
1774976554286,46.27355,46.28045,956016770,956016770
1774976554638,46.27285,46.27985,956016770,956016770
1774976554689,46.27405,46.28105,956016770,956016770
1774976554841,46.27345,46.28035,956016770,956016770
1774976554942,46.27365,46.28055,956016770,956016770
1774976555394,46.27335,46.28025,956016770,956016770
1774976555445,46.27295,46.27995,956016770,956016770
1774976555496,46.27335,46.28035,956016770,956016770
1774976555748,46.27285,46.27985,956016770,956016770
1774976556301,46.27175,46.27875,956016770,956016770
1774976556603,46.27075,46.27775,956016770,956016770
1774976556906,46.27115,46.27805,956016770,956016770
1774976557007,46.27145,46.27835,956016770,956016770
1774976557108,46.27115,46.27805,956016770,956016770
1774976557360,46.27085,46.27785,956016770,956016770
1774976557461,46.27105,46.27805,956016770,956016770
1774976557562,46.27235,46.27925,956016770,956016770
1774976558025,46.27085,46.27785,956016770,956016770
1774976558380,46.27135,46.27835,956016770,956016770
1774976558481,46.27105,46.27805,956016770,956016770
1774976558583,46.27085,46.27785,956016770,956016770
1774976558684,46.27245,46.27935,956016770,956016770
1774976560040,46.27225,46.27915,956016770,956016770
1774976560090,46.27295,46.27995,956016770,956016770
1774976560141,46.27225,46.27915,956016770,956016770
1774976560946,46.27295,46.27985,956016770,956016770
1774976561048,46.27215,46.27905,956016770,956016770
1774976561099,46.27295,46.27995,956016770,956016770
1774976561149,46.27355,46.28045,956016770,956016770
1774976561200,46.27395,46.28095,956016770,956016770
1774976561301,46.27335,46.28025,956016770,956016770
1774976561503,46.27355,46.28055,956016770,956016770
1774976561627,46.27435,46.28135,956016770,956016770
1774976561732,46.27405,46.28095,956016770,956016770
1774976561884,46.27425,46.28115,956016770,956016770
1774976562086,46.27405,46.28095,956016770,956016770
1774976562438,46.27425,46.28125,956016770,956016770
1774976562792,46.27475,46.28175,956016770,956016770
1774976562993,46.27495,46.28195,956016770,951893602
1774976563094,46.27705,46.28395,956016770,956016770
1774976563196,46.27675,46.28365,956016770,956016770
1774976563598,46.27695,46.28395,956016770,956016770
1774976564052,46.27685,46.28375,956016770,956016770
1774976564153,46.27735,46.28425,956016770,956016770
1774976565157,46.27695,46.28385,956016770,956016770
1774976565308,46.27725,46.28415,956016770,956016770
1774976565810,46.27745,46.28445,956016770,956016770
1774976565861,46.27915,46.28615,956016770,956016770
1774976565962,46.27885,46.28585,956016770,956016770
1774976566064,46.27855,46.28545,956016770,956016770
1774976566115,46.27705,46.28405,956016770,956016770
1774976566368,46.27605,46.28295,956016770,956016770
1774976566419,46.27535,46.28235,956016770,956016770
1774976566469,46.27495,46.28185,956016770,956016770
1774976567578,46.27515,46.28215,956016770,956016770
1774976568432,46.27635,46.28325,956016770,956016770
1774976568533,46.27615,46.28315,956016770,956016770
1774976568684,46.27565,46.28255,956016770,956016770
1774976571350,46.27675,46.28375,956016770,956016770
1774976571401,46.27645,46.28345,956016770,956016770
1774976571502,46.27585,46.28275,956016770,956016770
1774976571553,46.27555,46.28255,956016770,956016770
1774976571905,46.27525,46.28225,956016770,956016770
1774976572006,46.27545,46.28235,956016770,956016770
1774976572508,46.27595,46.28295,956016770,956016770
1774976572558,46.27575,46.28265,956016770,956016770
1774976572818,46.27595,46.28285,956016770,956016770
1774976572923,46.27415,46.28105,956016770,956016770
1774976573025,46.27095,46.27795,956016770,956016770
1774976573075,46.27075,46.27775,956016770,956016770
1774976573681,46.27055,46.27755,956016770,956016770
1774976573783,46.26905,46.27595,956016770,956016770
1774976574087,46.26875,46.27575,956016770,956016770
1774976574339,46.26875,46.27565,956016770,956016770
1774976575697,46.26725,46.27415,956016770,956016770
1774976575799,46.26755,46.27445,956016770,956016770
1774976576202,46.26835,46.27525,956016770,956016770
1774976576303,46.26815,46.27505,956016770,956016770
1774976576404,46.26835,46.27525,956016770,956016770
1774976576756,46.26905,46.27595,956016770,956016770
1774976578266,46.26875,46.27575,956016770,956016770
1774976578719,46.26905,46.27605,956016770,956016770
1774976578871,46.26945,46.27645,956016770,956016770
1774976578973,46.27235,46.27925,956016770,956016770
1774976579074,46.27315,46.28005,956016770,956016770
1774976579175,46.27355,46.28045,956016770,956016770
1774976579561,46.27405,46.28105,956016770,956016770
1774976580114,46.27635,46.28335,956016770,956016770
1774976580265,46.27495,46.28185,956016770,956016770
1774976580367,46.27455,46.28155,956016770,956016770
1774976580418,46.27175,46.27865,956016770,956016770
1774976580519,46.27115,46.27815,956016770,956016770
1774976580570,46.27095,46.27795,956016770,956016770
1774976580722,46.26655,46.27355,956016770,956016770
1774976581129,46.26705,46.27395,956016770,956016770
1774976582334,46.26725,46.27415,956016770,956016770
1774976582435,46.26665,46.27355,956016770,956016770
1774976582537,46.26785,46.27475,956016770,956016770
1774976582638,46.26805,46.27495,956016770,956016770
1774976582990,46.26855,46.27555,956016770,956016770
1774976583041,46.26785,46.27475,956016770,956016770
1774976583091,46.26825,46.27525,956016770,956016770
1774976583745,46.26855,46.27545,956016770,956016770
1774976583795,46.26895,46.27595,956016770,956016770
1774976583896,46.26865,46.27565,956016770,956016770
1774976584901,46.26855,46.27555,956016770,956016770
1774976585554,46.27015,46.27705,956016770,956016770
1774976585857,46.26985,46.27685,956016770,956016770
1774976585907,46.27015,46.27705,956016770,956016770
1774976587869,46.26995,46.27685,956016770,956016770
1774976587971,46.26995,46.27695,956016770,956016770
1774976589127,46.26955,46.27645,956016770,956016770
1774976589780,46.26955,46.27655,956016770,956016770
1774976589831,46.26995,46.27685,956016770,956016770
1774976590735,46.27055,46.27755,956016770,956016770
1774976590786,46.26955,46.27645,956016770,956016770
1774976592142,46.26995,46.27695,956016770,956016770
1774976592293,46.27045,46.27735,956016770,956016770
1774976594099,46.27005,46.27705,956016770,956016770
1774976594150,46.26955,46.27645,956016770,956016770
1774976595303,46.27065,46.27755,956016770,956016770
1774976595605,46.27105,46.27795,956016770,956016770
1774976595656,46.27045,46.27745,956016770,956016770
1774976595707,46.26955,46.27655,956016770,956016770
1774976598300,46.27055,46.27755,956016770,956016770
1774976598402,46.27055,46.27745,956016770,956016770
1774976598502,46.26975,46.27675,956016770,956016770
1774976599456,46.26955,46.27655,956016770,956016770
1774976599557,46.26925,46.27625,956016770,956016770
1774976600208,46.26945,46.27645,956016770,956016770
1774976600912,46.26975,46.27665,956016770,956016770
1774976601013,46.26855,46.27545,956016770,956016770
1774976601114,46.26825,46.27515,956016770,956016770
1774976601265,46.26835,46.27525,956016770,956016770
1774976601767,46.26745,46.27435,956016770,956016770
1774976601818,46.26695,46.27395,956016770,956016770
1774976601869,46.26595,46.27285,956016770,956016770
1774976602071,46.26645,46.27335,956016770,956016770
1774976602143,46.26585,46.27285,956016770,956016770
1774976602852,46.26565,46.27255,956016770,956016770
1774976602954,46.26665,46.27355,956016770,956016770
1774976603306,46.26595,46.27295,956016770,956016770
1774976603357,46.26655,46.27345,956016770,956016770
1774976603609,46.26725,46.27415,951893602,956016770
1774976603761,46.26595,46.27295,956016770,956016770
1774976603811,46.26655,46.27345,956016770,956016770
1774976603963,46.26585,46.27285,956016770,956016770
1774976604315,46.26645,46.27345,956016770,956016770
1774976605369,46.26245,46.26935,956016770,956016770
1774976605470,46.26305,46.26995,956016770,956016770
1774976607080,46.25818,46.26325,956016770,956016770
1774976607130,46.25355,46.26055,956016770,956016770
1774976607181,46.25385,46.26075,956016770,956016770
1774976608037,46.25455,46.26145,956016770,956016770
1774976609146,46.25525,46.26215,956016770,956016770
1774976609247,46.25495,46.26185,956016770,956016770
1774976609523,46.25535,46.26235,956016770,956016770
1774976609574,46.25685,46.26375,956016770,956016770
1774976609676,46.25595,46.26295,956016770,956016770
1774976609931,46.25555,46.26255,956016770,956016770
1774976610033,46.25495,46.26195,956016770,956016770
1774976611538,46.25515,46.26215,956016770,956016770
1774976611689,46.25455,46.26155,956016770,956016770
1774976613672,46.25495,46.26195,956016770,956016770
1774976613773,46.25445,46.26145,956016770,956016770
1774976613874,46.25425,46.26115,956016770,956016770
1774976613924,46.25395,46.26095,956016770,956016770
1774976613975,46.25295,46.25985,956016770,956016770
1774976614128,46.25315,46.26005,956016770,956016770
1774976615335,46.25555,46.26245,951893602,956016770
1774976615437,46.25545,46.26245,956016770,956016770
1774976615740,46.25615,46.26305,956016770,956016770
1774976615792,46.25535,46.26235,956016770,956016770
1774976615893,46.25605,46.26295,956016770,956016770
1774976615944,46.25535,46.26235,956016770,956016770
1774976615995,46.25605,46.26305,956016770,956016770
1774976616146,46.25545,46.26235,956016770,956016770
1774976616349,46.25595,46.26285,956016770,956016770
1774976616450,46.25665,46.26355,956016770,956016770
1774976617708,46.25595,46.26295,956016770,956016770
1774976617759,46.25535,46.26235,956016770,956016770
1774976617860,46.25505,46.26195,956016770,956016770
1774976617961,46.25455,46.26145,956016770,956016770
1774976618617,46.25415,46.26105,956016770,956016770
1774976618668,46.25335,46.26035,956016770,956016770
1774976618769,46.25365,46.26065,956016770,956016770
1774976618871,46.25385,46.26085,956016770,956016770
1774976619022,46.25435,46.26135,956016770,956016770
1774976620352,46.25485,46.26185,956016770,956016770
1774976620454,46.25485,46.26175,956016770,956016770
1774976620606,46.25755,46.26455,956016770,956016770
1774976620707,46.25785,46.26485,956016770,956016770
1774976620808,46.25865,46.26555,956016770,956016770
1774976620859,46.25785,46.26485,956016770,956016770
1774976620910,46.25855,46.26545,956016770,956016770
1774976621011,46.25895,46.26585,956016770,956016770
1774976621364,46.25965,46.26655,956016770,956016770
1774976621466,46.25935,46.26625,956016770,956016770
1774976621516,46.25875,46.26575,956016770,956016770
1774976621567,46.25955,46.26655,956016770,956016770
1774976622271,46.25995,46.26685,956016770,956016770
1774976622372,46.26065,46.26765,956016770,956016770
1774976622474,46.26045,46.26745,956016770,956016770
1774976622575,46.26095,46.26795,956016770,956016770
1774976622676,46.26275,46.26975,956016770,956016770
1774976622777,46.26125,46.26815,956016770,956016770
1774976622878,46.26145,46.26845,956016770,956016770
1774976623759,46.26135,46.26835,956016770,956016770
1774976623860,46.26095,46.26795,956016770,956016770
1774976623961,46.26075,46.26765,956016770,956016770
1774976624162,46.26095,46.26795,956016770,956016770
1774976624213,46.26115,46.26815,956016770,956016770
1774976624767,46.26135,46.26835,956016770,956016770
1774976624919,46.26175,46.26865,956016770,956016770
1774976626437,46.26135,46.26825,956016770,956016770
1774976629047,46.26155,46.26845,956016770,956016770
1774976629099,46.26095,46.26795,956016770,956016770
1774976629301,46.26165,46.26855,956016770,956016770
1774976629704,46.26115,46.26815,956016770,956016770
1774976629755,46.26095,46.26785,956016770,956016770
1774976629856,46.26045,46.26745,956016770,956016770
1774976629907,46.26025,46.26715,956016770,956016770
1774976630911,46.26075,46.26775,956016770,956016770
1774976632339,46.26105,46.26795,956016770,956016770
1774976632440,46.26085,46.26775,956016770,956016770
1774976632742,46.26065,46.26765,956016770,956016770
1774976633095,46.26035,46.26725,956016770,956016770
1774976633146,46.26005,46.26705,956016770,956016770
1774976634152,46.25975,46.26665,956016770,956016770
1774976634504,46.25995,46.26695,956016770,956016770
1774976634555,46.26135,46.26825,956016770,956016770
1774976637928,46.26095,46.26785,956016770,956016770
1774976638280,46.26065,46.26755,956016770,956016770
1774976638382,46.25935,46.26625,956016770,956016770
1774976638504,46.25915,46.26605,956016770,956016770
1774976638764,46.25885,46.26585,956016770,956016770
1774976638815,46.25915,46.26605,956016770,956016770
1774976638916,46.25985,46.26675,956016770,956016770
1774976639719,46.25955,46.26645,956016770,956016770
1774976639770,46.25895,46.26595,956016770,956016770
1774976639821,46.25935,46.26635,956016770,956016770
1774976639973,46.25975,46.26675,956016770,956016770
1774976640075,46.26025,46.26725,956016770,956016770
1774976640226,46.26045,46.26745,951893602,956016770
1774976640679,46.26005,46.26705,951893602,956016770
1774976641331,46.26025,46.26725,956016770,956016770
1774976641585,46.26045,46.26745,956016770,956016770
1774976641736,46.26195,46.26885,956016770,956016770
1774976641787,46.26245,46.26945,956016770,956016770
1774976642189,46.26265,46.26965,956016770,956016770
1774976642543,46.26425,46.27125,956016770,956016770
1774976642644,46.26445,46.27145,956016770,956016770
1774976642946,46.26415,46.27115,956016770,956016770
1774976643249,46.26485,46.27185,956016770,956016770
1774976643350,46.26755,46.27455,956016770,956016770
1774976643451,46.26695,46.27385,956016770,956016770
1774976643553,46.26715,46.27405,956016770,956016770
1774976643704,46.26705,46.27395,956016770,956016770
1774976643754,46.26745,46.27445,956016770,956016770
1774976643805,46.26875,46.27575,956016770,956016770
1774976644709,46.26855,46.27555,956016770,956016770
1774976645815,46.26785,46.27485,956016770,956016770
1774976647476,46.26805,46.27505,956016770,956016770
1774976649535,46.26785,46.27475,956016770,956016770
1774976652057,46.26815,46.27505,956016770,956016770
1774976652459,46.26785,46.27485,956016770,956016770
1774976653866,46.26855,46.27545,956016770,956016770
1774976653916,46.27045,46.27745,956016770,956016770
1774976658866,46.26995,46.27685,956016770,956016770
1774976658967,46.27055,46.27745,956016770,956016770
1774976659773,46.27045,46.27735,956016770,956016770
1774976659824,46.27005,46.27705,956016770,956016770
1774976661382,46.27045,46.27735,956016770,956016770
1774976661491,46.27155,46.27845,956016770,956016770
1774976661944,46.27065,46.27755,956016770,956016770
1774976662998,46.27115,46.27805,956016770,956016770
1774976663048,46.27135,46.27835,956016770,956016770
1774976664204,46.27155,46.27855,956016770,951893602
1774976664305,46.27345,46.28045,956016770,956016770
1774976664457,46.27315,46.28015,956016770,956016770
1774976664558,46.27345,46.28045,956016770,956016770
1774976665111,46.27295,46.27985,956016770,956016770
1774976665162,46.27405,46.28105,956016770,956016770
1774976665464,46.27445,46.28145,956016770,956016770
1774976666199,46.27505,46.28205,956016770,956016770
1774976666300,46.27455,46.28155,956016770,956016770
1774976666402,46.27515,46.28215,956016770,956016770
1774976667657,46.27585,46.28275,956016770,956016770
1774976667758,46.27615,46.28315,956016770,956016770
1774976667809,46.28145,46.28832,956016770,956016770
1774976667861,46.28245,46.28935,956016770,956016770
1774976667963,46.28265,46.28955,956016770,956016770
1774976668367,46.28205,46.28905,956016770,956016770
1774976671283,46.28225,46.28925,956016770,956016770
1774976671434,46.28205,46.28905,956016770,956016770
1774976672371,46.28515,46.29205,956016770,956016770
1774976672473,46.28565,46.29252,956016770,956016770
1774976672978,46.28535,46.29225,956016770,956016770
1774976673533,46.28555,46.29252,956016770,956016770
1774976678049,46.28505,46.29205,956016770,956016770
1774976678100,46.28445,46.29145,956016770,956016770
1774976679329,46.28505,46.29195,956016770,956016770
1774976679380,46.28465,46.29165,956016770,956016770
1774976680134,46.28525,46.29215,956016770,956016770
1774976680837,46.28465,46.29155,956016770,956016770
1774976681992,46.28425,46.29115,956016770,956016770
1774976683681,46.28445,46.29145,956016770,956016770
1774976683782,46.28365,46.29065,956016770,956016770
1774976684486,46.28345,46.29012,951893602,965578441
1774976684537,46.28115,46.28805,956016770,956016770
1774976684889,46.28155,46.28845,956016770,956016770
1774976684940,46.28185,46.28885,951893602,956016770
1774976685040,46.28165,46.28865,956016770,956016770
1774976685394,46.28145,46.28845,956016770,956016770
1774976685696,46.28025,46.28715,956016770,956016770
1774976685897,46.28025,46.28725,956016770,956016770
1774976685948,46.28285,46.28892,951893602,960282210
1774976685999,46.28305,46.28995,956016770,956016770
1774976686100,46.28195,46.28895,956016770,956016770
1774976686151,46.28275,46.28975,956016770,956016770
1774976686252,46.28185,46.28885,956016770,956016770
1774976686454,46.28275,46.28965,956016770,956016770
1774976686655,46.28195,46.28895,956016770,956016770
1774976686706,46.28275,46.28975,956016770,956016770
1774976687661,46.28195,46.28885,956016770,956016770
1774976688114,46.28225,46.28925,956016770,956016770
1774976688165,46.28265,46.28955,956016770,956016770
1774976688316,46.28205,46.28895,956016770,956016770
1774976688619,46.28155,46.28855,956016770,956016770
1774976689675,46.28155,46.28845,956016770,956016770
1774976691151,46.28145,46.28845,956016770,956016770
1774976694813,46.28125,46.28815,956016770,956016770
1774976694964,46.28155,46.28855,956016770,956016770
1774976695116,46.28145,46.28845,956016770,956016770
1774976696152,46.28215,46.28905,956016770,956016770
1774976696957,46.28135,46.28835,956016770,956016770
1774976698113,46.28065,46.28755,956016770,956016770
1774976698214,46.28095,46.28785,956016770,956016770
1774976698916,46.27885,46.28585,956016770,956016770
1774976698967,46.27945,46.28645,956016770,956016770
1774976699068,46.27925,46.28625,956016770,956016770
1774976699169,46.27765,46.28455,956016770,956016770
1774976699672,46.27715,46.28405,956016770,956016770
1774976699873,46.27665,46.28355,956016770,956016770
1774976699924,46.27595,46.28295,956016770,956016770
1774976700177,46.27545,46.28245,956016770,956016770
1774976700278,46.27585,46.28275,956016770,956016770
1774976700329,46.27615,46.28315,956016770,956016770
1774976700381,46.27675,46.28365,956016770,956016770
1774976700432,46.27725,46.28425,956016770,956016770
1774976700483,46.27725,46.28415,951893602,956016770
1774976700534,46.27615,46.28315,956016770,956016770
1774976700635,46.27595,46.28285,956016770,956016770
1774976700686,46.27585,46.28285,956016770,956016770
1774976700736,46.27615,46.28305,956016770,956016770
1774976700838,46.27635,46.28325,956016770,956016770
1774976700990,46.27535,46.28235,956016770,956016770
1774976701041,46.27575,46.28265,956016770,956016770
1774976701142,46.27505,46.28205,956016770,956016770
1774976701293,46.27145,46.27845,956016770,956016770
1774976701394,46.27165,46.27865,951893602,951893602
1774976701495,46.27035,46.27735,951893602,951893602
1774976701747,46.27055,46.27755,956016770,956016770
1774976701866,46.27085,46.27775,956016770,956016770
1774976701969,46.27125,46.27825,956016770,956016770
1774976702070,46.27105,46.27795,956016770,956016770
1774976702222,46.27125,46.27825,956016770,956016770
1774976702323,46.27185,46.27875,956016770,956016770
1774976702373,46.27225,46.27925,956016770,956016770
1774976703178,46.27245,46.27945,956016770,956016770
1774976703530,46.27225,46.27915,956016770,956016770
1774976703631,46.27305,46.27995,956016770,956016770
1774976703783,46.27375,46.28075,956016770,956016770
1774976703833,46.27395,46.28095,956016770,956016770
1774976704085,46.27375,46.28075,956016770,956016770
1774976704187,46.27455,46.28155,956016770,956016770
1774976704338,46.27435,46.28135,956016770,956016770
1774976704590,46.27535,46.28225,956016770,956016770
1774976704691,46.27565,46.28255,956016770,956016770
1774976705647,46.27545,46.28235,956016770,956016770
1774976705754,46.27495,46.28185,956016770,956016770
1774976705806,46.27435,46.28135,956016770,956016770
1774976705909,46.27475,46.28165,956016770,956016770
1774976706164,46.27505,46.28195,956016770,956016770
1774976706366,46.27545,46.28245,956016770,956016770
1774976706417,46.27595,46.28285,956016770,956016770
1774976706518,46.27535,46.28225,956016770,956016770
1774976706620,46.27565,46.28265,956016770,956016770
1774976706670,46.27595,46.28295,956016770,956016770
1774976706772,46.27565,46.28255,956016770,956016770
1774976707374,46.27605,46.28305,956016770,956016770
1774976707576,46.27575,46.28275,956016770,956016770
1774976707678,46.27445,46.28135,956016770,956016770
1774976708281,46.27505,46.28205,956016770,956016770
1774976708331,46.27555,46.28255,956016770,956016770
1774976708433,46.27515,46.28215,956016770,956016770
1774976708534,46.27545,46.28245,956016770,956016770
1774976709036,46.27515,46.28205,956016770,956016770
1774976709087,46.27575,46.28275,956016770,956016770
1774976709490,46.27495,46.28195,956016770,956016770
1774976709641,46.27415,46.28105,956016770,951893602
1774976709743,46.27445,46.28135,956016770,956016770
1774976709844,46.27415,46.28105,956016770,956016770
1774976710096,46.27225,46.27925,956016770,956016770
1774976710148,46.27145,46.27835,956016770,956016770
1774976710299,46.27235,46.27925,956016770,956016770
1774976710651,46.27255,46.27945,956016770,956016770
1774976711054,46.27305,46.28005,956016770,956016770
1774976711356,46.27345,46.28035,956016770,956016770
1774976711759,46.27415,46.28105,956016770,956016770
1774976711910,46.27385,46.28085,956016770,956016770
1774976712643,46.27255,46.27955,956016770,956016770
1774976713297,46.27225,46.27925,956016770,956016770
1774976713402,46.27255,46.27945,956016770,956016770
1774976713504,46.27305,46.28005,956016770,956016770
1774976713556,46.27355,46.28055,956016770,956016770
1774976713858,46.27355,46.28045,956016770,956016770
1774976714210,46.27255,46.27955,956016770,956016770
1774976715165,46.27225,46.27925,956016770,956016770
1774976715316,46.27195,46.27895,956016770,956016770
1774976716923,46.27255,46.27945,956016770,956016770
1774976717576,46.27205,46.27895,956016770,956016770
1774976718167,46.27255,46.27945,956016770,956016770
1774976718268,46.27215,46.27905,956016770,956016770
1774976719272,46.27255,46.27945,956016770,956016770
1774976719423,46.27215,46.27915,956016770,956016770
1774976719474,46.27255,46.27945,956016770,956016770
1774976720778,46.27305,46.27995,956016770,956016770
1774976720879,46.27425,46.28115,956016770,956016770
1774976720930,46.27395,46.28095,956016770,956016770
1774976720981,46.27365,46.28055,956016770,956016770
1774976721132,46.27565,46.28255,956016770,956016770
1774976721534,46.27545,46.28235,956016770,956016770
1774976722941,46.27495,46.28185,956016770,956016770
1774976722992,46.27465,46.28165,956016770,956016770
1774976723043,46.27515,46.28205,956016770,956016770
1774976723094,46.27555,46.28255,956016770,956016770
1774976723144,46.27515,46.28215,956016770,956016770
1774976723395,46.27555,46.28245,956016770,956016770
1774976724199,46.27525,46.28215,956016770,956016770
1774976726411,46.27465,46.28165,956016770,956016770
1774976726461,46.27525,46.28215,956016770,956016770
1774976726562,46.27465,46.28165,956016770,956016770
1774976727867,46.27495,46.28185,956016770,951893602
1774976727969,46.27635,46.28325,956016770,956016770
1774976728622,46.27605,46.28295,956016770,956016770
1774976728723,46.27565,46.28255,956016770,956016770
1774976729177,46.27605,46.28295,956016770,956016770
1774976729429,46.27585,46.28275,956016770,956016770
1774976729631,46.27615,46.28315,956016770,956016770
1774976731115,46.27825,46.28515,956016770,956016770
1774976731216,46.27855,46.28545,956016770,956016770
1774976731689,46.27815,46.28515,956016770,956016770
1774976732042,46.27845,46.28545,956016770,956016770
1774976732143,46.27795,46.28485,956016770,956016770
1774976733848,46.27815,46.28505,956016770,956016770
1774976734503,46.27765,46.28455,956016770,956016770
1774976734654,46.27795,46.28485,956016770,956016770
1774976734956,46.27755,46.28445,956016770,956016770
1774976735007,46.27785,46.28485,956016770,956016770
1774976735510,46.27565,46.28265,956016770,956016770
1774976736264,46.27535,46.28202,956016770,965578441
1774976736315,46.27385,46.28085,956016770,956016770
1774976736366,46.27285,46.27985,956016770,956016770
1774976736618,46.27265,46.27965,956016770,956016770
1774976736719,46.27295,46.27985,956016770,956016770
1774976736921,46.27315,46.28005,951893602,956016770
1774976736971,46.27155,46.27855,956016770,956016770
1774976737724,46.27135,46.27825,956016770,956016770
1774976737775,46.27155,46.27855,956016770,956016770
1774976739349,46.27325,46.28025,956016770,956016770
1774976739451,46.27305,46.27995,956016770,956016770
1774976740456,46.27275,46.27975,956016770,956016770
1774976740808,46.27365,46.28055,956016770,956016770
1774976742012,46.27415,46.28115,956016770,956016770
1774976742063,46.27545,46.28245,956016770,956016770
1774976742164,46.27615,46.28315,956016770,956016770
1774976743069,46.27585,46.28285,956016770,956016770
1774976744133,46.27615,46.28315,956016770,956016770
1774976744440,46.27675,46.28365,956016770,956016770
1774976744491,46.27925,46.28625,956016770,956016770
1774976744542,46.28515,46.29215,956016770,956016770
1774976745701,46.28565,46.29255,956016770,956016770
1774976745953,46.28595,46.29285,956016770,956016770
1774976746054,46.28505,46.29195,956016770,956016770
1774976746860,46.28445,46.29145,956016770,956016770
1774976746911,46.28725,46.29425,956016770,956016770
1774976748370,46.28665,46.29355,956016770,956016770
1774976748623,46.28635,46.29325,956016770,956016770
1774976748674,46.28655,46.29355,956016770,956016770
1774976749830,46.28695,46.29395,956016770,956016770
1774976751516,46.28738,46.29425,956016770,951893602
1774976751567,46.28955,46.29645,956016770,956016770
1774976752121,46.28925,46.29615,956016770,956016770
1774976752223,46.28945,46.29635,956016770,956016770
1774976752274,46.28965,46.29665,956016770,956016770
1774976752426,46.28945,46.29635,956016770,956016770
1774976752527,46.28995,46.29695,956016770,956016770
1774976752628,46.28945,46.29645,956016770,956016770
1774976753282,46.28915,46.29605,956016770,956016770
1774976753837,46.28855,46.29545,956016770,956016770
1774976753988,46.28785,46.29475,956016770,956016770
1774976754089,46.28765,46.29455,951893602,956016770
1774976754592,46.28805,46.29495,951893602,956016770
1774976754693,46.28695,46.29385,956016770,956016770
1774976754845,46.28735,46.29425,956016770,956016770
1774976756133,46.28755,46.29445,956016770,956016770
1774976756234,46.28735,46.29425,956016770,956016770
1774976756285,46.28705,46.29405,956016770,956016770
1774976756336,46.28745,46.29435,956016770,956016770
1774976756989,46.28725,46.29415,956016770,956016770
1774976757492,46.28795,46.29485,956016770,956016770
1774976758148,46.28775,46.29465,956016770,956016770
1774976758351,46.28795,46.29495,956016770,956016770
1774976758452,46.28765,46.29465,956016770,956016770
1774976758553,46.28795,46.29485,956016770,956016770
1774976758655,46.28775,46.29465,956016770,956016770
1774976759007,46.28795,46.29495,956016770,956016770
1774976759409,46.28775,46.29465,956016770,956016770
1774976760264,46.28745,46.29445,956016770,956016770
1774976760365,46.28815,46.29515,956016770,956016770
1774976760466,46.28935,46.29635,956016770,956016770
1774976760768,46.28955,46.29655,956016770,956016770
1774976760869,46.28985,46.29685,956016770,956016770
1774976761020,46.29045,46.29745,956016770,956016770
1774976761171,46.29005,46.29695,956016770,956016770
1774976761272,46.28955,46.29645,956016770,956016770
1774976761523,46.28985,46.29675,956016770,956016770
1774976761624,46.28985,46.29685,956016770,956016770
1774976761675,46.28965,46.29655,956016770,956016770
1774976761827,46.28905,46.29605,956016770,956016770
1774976762079,46.28835,46.29525,951893602,956016770
1774976762130,46.28695,46.29395,956016770,956016770
1774976762231,46.28715,46.29415,956016770,956016770
1774976762332,46.28695,46.29385,956016770,956016770
1774976762490,46.28725,46.29415,956016770,956016770
1774976762843,46.28725,46.29425,956016770,956016770
1774976763296,46.28705,46.29395,956016770,956016770
1774976763347,46.28725,46.29425,956016770,956016770
1774976763499,46.28715,46.29405,956016770,956016770
1774976763903,46.28735,46.29435,956016770,956016770
1774976763954,46.28925,46.29625,956016770,956016770
1774976764055,46.28865,46.29555,956016770,956016770
1774976764308,46.29475,46.30175,956016770,956016770
1774976764409,46.29435,46.30135,956016770,956016770
1774976764561,46.29465,46.30155,956016770,956016770
1774976764662,46.29325,46.30015,956016770,956016770
1774976764764,46.29245,46.29945,956016770,956016770
1774976764815,46.29285,46.29985,956016770,956016770
1774976764916,46.29305,46.30005,956016770,956016770
1774976765017,46.29555,46.30255,956016770,956016770
1774976765119,46.30095,46.30795,956016770,956016770
1774976765220,46.30285,46.30985,956016770,956016770
1774976765321,46.30345,46.31045,956016770,956016770
1774976765423,46.30335,46.31025,956016770,956016770
1774976765675,46.30355,46.31045,956016770,956016770
1774976765726,46.30185,46.30885,956016770,956016770
1774976766497,46.30205,46.30905,956016770,956016770
1774976766599,46.30465,46.31155,956016770,956016770
1774976766700,46.30435,46.31135,956016770,956016770
1774976766801,46.30415,46.31115,956016770,956016770
1774976766903,46.30335,46.31035,956016770,956016770
1774976767156,46.30405,46.31105,956016770,956016770
1774976767257,46.30405,46.31095,956016770,956016770
1774976767710,46.30355,46.31045,956016770,956016770
1774976767761,46.30395,46.31095,956016770,956016770
1774976767963,46.30325,46.31025,956016770,956016770
1774976768065,46.30405,46.31095,956016770,956016770
1774976768216,46.30375,46.31065,951893602,956016770
1774976768518,46.30395,46.31095,951893602,956016770
1774976768721,46.30325,46.31015,956016770,956016770
1774976769726,46.30285,46.30985,956016770,956016770
1774976769878,46.30255,46.30955,956016770,956016770
1774976769979,46.30325,46.31015,956016770,956016770
1774976770081,46.30305,46.30995,956016770,956016770
1774976770182,46.30285,46.30975,956016770,956016770
1774976770283,46.30225,46.30915,956016770,956016770
1774976771238,46.30305,46.30995,956016770,956016770
1774976771440,46.30345,46.31045,956016770,956016770
1774976771491,46.30445,46.31135,956016770,956016770
1774976771743,46.30425,46.31115,956016770,956016770
1774976772849,46.30445,46.31145,956016770,956016770
1774976772915,46.30475,46.31165,956016770,956016770
1774976773017,46.30545,46.31235,956016770,956016770
1774976773068,46.30635,46.31335,956016770,956016770
1774976773320,46.30805,46.31495,956016770,956016770
1774976773523,46.30785,46.31475,956016770,956016770
1774976773674,46.30805,46.31505,956016770,956016770
1774976773976,46.30845,46.31535,956016770,956016770
1774976774027,46.30885,46.31585,956016770,956016770
1774976774078,46.30865,46.31555,956016770,956016770
1774976774431,46.30895,46.31595,956016770,956016770
1774976774482,46.30855,46.31545,956016770,956016770
1774976775738,46.30895,46.31595,956016770,956016770
1774976776242,46.30855,46.31545,956016770,956016770
1774976776745,46.30915,46.31605,956016770,956016770
1774976776947,46.30855,46.31545,956016770,956016770
1774976777710,46.30815,46.31515,956016770,956016770
1774976778115,46.30765,46.31465,956016770,956016770
1774976778216,46.30775,46.31475,956016770,956016770
1774976778367,46.30745,46.31445,956016770,956016770
1774976778472,46.30555,46.31245,956016770,956016770
1774976778573,46.30365,46.31055,951893602,951893602
1774976778775,46.30285,46.30975,956016770,956016770
1774976778876,46.30275,46.30965,956016770,956016770
1774976779983,46.30295,46.30985,956016770,956016770
1774976780585,46.30235,46.30925,956016770,956016770
1774976780636,46.30295,46.30995,956016770,956016770
1774976780687,46.30235,46.30925,956016770,956016770
1774976780788,46.30355,46.31055,956016770,956016770
1774976780839,46.30415,46.31115,956016770,956016770
1774976780940,46.30455,46.31155,956016770,956016770
1774976781393,46.30415,46.31115,956016770,956016770
1774976781747,46.30395,46.31095,956016770,956016770
1774976782249,46.30415,46.31105,956016770,956016770
1774976782853,46.30395,46.31085,956016770,956016770
1774976782904,46.30355,46.31055,956016770,956016770
1774976782954,46.30395,46.31085,956016770,956016770
1774976783056,46.30355,46.31055,956016770,956016770
1774976783157,46.30415,46.31105,956016770,956016770
1774976783475,46.30385,46.31075,956016770,956016770
1774976783779,46.30415,46.31105,956016770,956016770
1774976783932,46.30435,46.31125,956016770,956016770
1774976783984,46.30485,46.31185,956016770,956016770
1774976784035,46.30515,46.31215,956016770,956016770
1774976784137,46.30445,46.31145,956016770,956016770
1774976784389,46.30415,46.31115,956016770,956016770
1774976784742,46.30395,46.31095,956016770,956016770
1774976785696,46.30425,46.31115,956016770,956016770
1774976785747,46.30505,46.31205,956016770,956016770
1774976785949,46.30465,46.31155,956016770,956016770
1774976786100,46.30435,46.31135,956016770,956016770
1774976786151,46.30415,46.31105,956016770,956016770
1774976787006,46.30385,46.31085,956016770,956016770
1774976787107,46.30285,46.30985,956016770,956016770
1774976787659,46.30355,46.31055,956016770,956016770
1774976787760,46.30305,46.30995,956016770,956016770
1774976788313,46.30365,46.31055,956016770,956016770
1774976788816,46.30395,46.31095,956016770,956016770
1774976788867,46.30275,46.30965,956016770,956016770
1774976788968,46.30285,46.30985,956016770,956016770
1774976789170,46.30345,46.31045,956016770,956016770
1774976789975,46.30285,46.30985,956016770,956016770
1774976790108,46.30345,46.31045,956016770,956016770
1774976792115,46.30365,46.31065,956016770,956016770
1774976792668,46.30395,46.31085,956016770,956016770
1774976792719,46.30365,46.31065,956016770,956016770
1774976792770,46.30395,46.31095,956016770,956016770
1774976793122,46.30365,46.31065,956016770,956016770
1774976793223,46.30385,46.31085,956016770,956016770
1774976794026,46.30435,46.31125,956016770,956016770
1774976797479,46.30415,46.31105,956016770,956016770
1774976797530,46.30315,46.31015,956016770,956016770
1774976797581,46.30285,46.30985,956016770,956016770
1774976800441,46.30435,46.31135,956016770,956016770
1774976800542,46.30375,46.31075,956016770,956016770
1774976800643,46.30305,46.31005,956016770,956016770
1774976800795,46.30225,46.30925,956016770,956016770
1774976800898,46.30335,46.31035,956016770,956016770
1774976801351,46.30365,46.31065,956016770,956016770
1774976803088,46.30345,46.31045,956016770,956016770
1774976803992,46.30305,46.30995,956016770,956016770
1774976804093,46.30215,46.30915,956016770,956016770
1774976804144,46.30115,46.30805,951893602,956016770
1774976804245,46.29955,46.30645,956016770,956016770
1774976804346,46.29895,46.30585,956016770,956016770
1774976804999,46.29825,46.30515,956016770,956016770
1774976805100,46.29725,46.30425,951893602,956016770
1774976805151,46.29675,46.30365,956016770,956016770
1774976805554,46.29595,46.30295,951893602,956016770
1774976805806,46.29565,46.30255,956016770,956016770
1774976805958,46.29505,46.30195,956016770,956016770
1774976806085,46.29595,46.30295,956016770,956016770
1774976807193,46.29625,46.30315,956016770,956016770
1774976807846,46.29595,46.30285,956016770,956016770
1774976807897,46.29018,46.29625,956016770,951893602
1774976807948,46.29085,46.29785,956016770,956016770
1774976807999,46.29045,46.29735,956016770,956016770
1774976808101,46.29055,46.29755,956016770,956016770
1774976808151,46.29105,46.29805,956016770,956016770
1774976808253,46.29155,46.29845,956016770,956016770
1774976808354,46.29055,46.29755,956016770,956016770
1774976808404,46.28995,46.29695,956016770,956016770
1774976808506,46.28925,46.29625,956016770,956016770
1774976808809,46.29035,46.29725,956016770,956016770
1774976809161,46.28955,46.29655,956016770,956016770
1774976809212,46.28825,46.29525,956016770,956016770
1774976809313,46.28555,46.29245,956016770,956016770
1774976809465,46.28525,46.29225,956016770,956016770
1774976809516,46.28495,46.29195,956016770,956016770
1774976810170,46.28505,46.29195,956016770,956016770
1774976810271,46.28295,46.28985,956016770,956016770
1774976810372,46.28415,46.29105,956016770,956016770
1774976810423,46.28465,46.29165,956016770,956016770
1774976810524,46.28475,46.29175,956016770,956016770
1774976810625,46.28355,46.29045,956016770,956016770
1774976810727,46.28305,46.28995,956016770,956016770
1774976810979,46.28445,46.29135,956016770,956016770
1774976811081,46.28335,46.29035,956016770,956016770
1774976811131,46.28295,46.28985,956016770,956016770
1774976811836,46.28355,46.29045,956016770,956016770
1774976811887,46.28405,46.29105,956016770,956016770
1774976811988,46.28385,46.29085,956016770,956016770
1774976812742,46.28315,46.29005,956016770,956016770
1774976812851,46.28505,46.29205,956016770,956016770
1774976812952,46.28485,46.29185,956016770,956016770
1774976814258,46.28565,46.29265,956016770,956016770
1774976814761,46.28555,46.29255,956016770,956016770
1774976814862,46.28655,46.29345,956016770,956016770
1774976814964,46.28855,46.29545,956016770,956016770
1774976815267,46.28695,46.29385,956016770,956016770
1774976815519,46.28665,46.29355,956016770,956016770
1774976815620,46.28705,46.29395,956016770,956016770
1774976815722,46.28595,46.29295,956016770,956016770
1774976816735,46.28675,46.29375,956016770,956016770
1774976816836,46.28655,46.29355,956016770,956016770
1774976817539,46.28625,46.29315,956016770,956016770
1774976817640,46.28565,46.29255,956016770,956016770
1774976817942,46.28495,46.29185,956016770,956016770
1774976817993,46.28555,46.29255,956016770,956016770
1774976818557,46.28535,46.29225,956016770,956016770
1774976818809,46.28425,46.29125,956016770,956016770
1774976819464,46.28475,46.29175,956016770,956016770
1774976819566,46.28545,46.29245,956016770,956016770
1774976819667,46.28485,46.29175,956016770,956016770
1774976819919,46.28535,46.29235,956016770,956016770
1774976820070,46.28475,46.29175,956016770,956016770
1774976820172,46.28545,46.29245,956016770,956016770
1774976820827,46.28575,46.29275,956016770,956016770
1774976820929,46.29265,46.29955,956016770,956016770
1774976820979,46.29265,46.29965,956016770,956016770
1774976821131,46.29235,46.29935,956016770,956016770
1774976821333,46.29325,46.30015,956016770,956016770
1774976821434,46.29355,46.30045,956016770,956016770
1774976822188,46.29415,46.30105,956016770,956016770
1774976822239,46.29455,46.30155,956016770,956016770
1774976822289,46.29425,46.30115,956016770,956016770
1774976822542,46.29455,46.30145,956016770,956016770
1774976823225,46.29555,46.30245,956016770,956016770
1774976824081,46.29575,46.30265,956016770,956016770
1774976824132,46.29485,46.30185,956016770,956016770
1774976824183,46.29605,46.30295,956016770,956016770
1774976824386,46.29485,46.30175,956016770,956016770
1774976824587,46.29505,46.30205,956016770,956016770
1774976824638,46.29215,46.29905,956016770,956016770
1774976824739,46.29185,46.29885,956016770,956016770
1774976824941,46.29265,46.29955,956016770,956016770
1774976826602,46.29195,46.29895,956016770,956016770
1774976826652,46.28975,46.29675,956016770,956016770
1774976826753,46.28955,46.29645,956016770,956016770
1774976827414,46.28925,46.29615,956016770,956016770
1774976827515,46.28875,46.29575,956016770,956016770
1774976827767,46.28815,46.29505,956016770,956016770
1774976827868,46.28875,46.29565,956016770,956016770
1774976828673,46.29065,46.29755,951893602,956016770
1774976828875,46.29115,46.29805,956016770,956016770
1774976828976,46.29105,46.29795,956016770,956016770
1774976829078,46.29195,46.29895,956016770,956016770
1774976829128,46.29155,46.29845,956016770,956016770
1774976829280,46.29125,46.29815,956016770,956016770
1774976829381,46.29065,46.29755,956016770,956016770
1774976829482,46.29045,46.29735,956016770,956016770
1774976830387,46.29025,46.29725,956016770,956016770
1774976830438,46.28965,46.29665,956016770,956016770
1774976830539,46.28965,46.29655,956016770,956016770
1774976830590,46.29015,46.29715,956016770,956016770
1774976830841,46.28965,46.29655,956016770,956016770
1774976830892,46.29005,46.29705,956016770,956016770
1774976830943,46.28965,46.29655,956016770,956016770
1774976831747,46.29115,46.29815,956016770,956016770
1774976831949,46.29175,46.29865,951893602,956016770
1774976832201,46.29195,46.29895,956016770,951893602
1774976832252,46.29295,46.29985,956016770,956016770
1774976832354,46.29335,46.30025,956016770,956016770
1774976832757,46.29405,46.30105,956016770,956016770
1774976833711,46.29385,46.30085,956016770,956016770
1774976833812,46.29405,46.30105,956016770,956016770
1774976833914,46.29385,46.30075,956016770,956016770
1774976836005,46.28975,46.29675,956016770,956016770
1774976836909,46.28885,46.29585,956016770,956016770
1774976837160,46.28865,46.29555,956016770,956016770
1774976837312,46.28845,46.29535,956016770,956016770
1774976837614,46.28955,46.29655,956016770,956016770
1774976837665,46.28835,46.29535,956016770,956016770
1774976838318,46.28805,46.29495,956016770,956016770
1774976838419,46.28845,46.29535,956016770,956016770
1774976838520,46.28795,46.29495,956016770,956016770
1774976838672,46.28845,46.29545,956016770,956016770
1774976840387,46.28795,46.29495,956016770,956016770
1774976840489,46.28845,46.29535,956016770,956016770
1774976840591,46.28855,46.29545,956016770,956016770
1774976840743,46.28825,46.29342,951893602,965578441
1774976840794,46.28465,46.29165,956016770,956016770
1774976840844,46.28355,46.29045,956016770,956016770
1774976841198,46.28325,46.29015,956016770,956016770
1774976841249,46.28265,46.28965,956016770,956016770
1774976841451,46.28205,46.28895,956016770,956016770
1774976841552,46.28325,46.29015,956016770,956016770
1774976841854,46.28285,46.28975,956016770,956016770
1774976841905,46.28205,46.28905,956016770,956016770
1774976842057,46.28305,46.29005,956016770,956016770
1774976842158,46.28255,46.28945,956016770,956016770
1774976842410,46.28215,46.28915,956016770,956016770
1774976843564,46.28255,46.28945,956016770,956016770
1774976843666,46.28275,46.28965,956016770,956016770
1774976843767,46.28245,46.28945,956016770,956016770
1774976843868,46.28275,46.28965,956016770,956016770
1774976843969,46.28245,46.28945,956016770,956016770
1774976844774,46.28275,46.28965,956016770,956016770
1774976845703,46.28275,46.28975,956016770,956016770
1774976845855,46.28255,46.28945,956016770,956016770
1774976847212,46.28325,46.29015,956016770,956016770
1774976847313,46.28665,46.29365,951893602,956016770
1774976847515,46.28705,46.29395,956016770,956016770
1774976847616,46.28795,46.29485,956016770,956016770
1774976847868,46.28705,46.29405,956016770,956016770
1774976848472,46.28955,46.29655,956016770,956016770
1774976849026,46.28915,46.29605,956016770,956016770
1774976849076,46.28795,46.29495,956016770,956016770
1774976849127,46.28845,46.29545,956016770,956016770
1774976849328,46.28875,46.29575,956016770,956016770
1774976849933,46.28935,46.29635,956016770,956016770
1774976850135,46.28885,46.29585,956016770,956016770
1774976850989,46.28865,46.29555,956016770,956016770
1774976851392,46.28885,46.29585,956016770,956016770
1774976851443,46.28915,46.29615,956016770,956016770
1774976851745,46.28945,46.29635,956016770,956016770
1774976851847,46.28875,46.29565,956016770,956016770
1774976852522,46.28925,46.29615,956016770,956016770
1774976852623,46.28865,46.29555,956016770,956016770
1774976852926,46.28845,46.29535,956016770,956016770
1774976852977,46.28055,46.28755,956016770,956016770
1774976853178,46.28075,46.28775,956016770,956016770
1774976854285,46.28255,46.28955,956016770,956016770
1774976854386,46.28685,46.29385,956016770,956016770
1774976854487,46.28665,46.29355,956016770,956016770
1774976856195,46.28565,46.29255,956016770,956016770
1774976856296,46.28555,46.29245,956016770,956016770
1774976856923,46.28605,46.29295,956016770,956016770
1774976857934,46.28555,46.29245,956016770,956016770
1774976857988,46.28595,46.29295,956016770,956016770
1774976858040,46.28555,46.29245,956016770,956016770
1774976858091,46.28485,46.29185,956016770,956016770
1774976858141,46.28555,46.29255,956016770,956016770
1774976858242,46.28495,46.29195,956016770,956016770
1774976858394,46.28355,46.29045,956016770,956016770
1774976858495,46.28275,46.28975,956016770,956016770
1774976858546,46.28335,46.29025,956016770,956016770
1774976858699,46.28395,46.29085,956016770,956016770
1774976859907,46.28395,46.29095,956016770,956016770
1774976860008,46.28315,46.29005,956016770,956016770
1774976860059,46.28365,46.29065,956016770,956016770
1774976860863,46.28345,46.29035,956016770,956016770
1774976861366,46.28325,46.29015,956016770,956016770
1774976862071,46.28265,46.28955,956016770,956016770
1774976862574,46.27845,46.28545,956016770,956016770
1774976865260,46.27935,46.28625,956016770,956016770
1774976865811,46.27835,46.28525,956016770,956016770
1774976866968,46.27515,46.28215,956016770,956016770
1774976867829,46.27605,46.28295,956016770,956016770
1774976868284,46.27625,46.28325,956016770,956016770
1774976868335,46.27565,46.28255,956016770,956016770
1774976868436,46.27585,46.28275,956016770,956016770
1774976871098,46.27615,46.28305,956016770,951893602
1774976871149,46.27655,46.28355,956016770,956016770
1774976871651,46.27635,46.28335,956016770,956016770
1774976872455,46.27815,46.28505,956016770,956016770
1774976873259,46.27775,46.28465,956016770,956016770
1774976873309,46.27485,46.28185,956016770,956016770
1774976873411,46.27335,46.28035,956016770,956016770
1774976873512,46.27315,46.28005,956016770,956016770
1774976874667,46.27365,46.28065,956016770,956016770
1774976874718,46.27295,46.27985,956016770,956016770
1774976875470,46.27275,46.27965,956016770,956016770
1774976877032,46.27365,46.28065,956016770,956016770
1774976877082,46.27235,46.27925,956016770,956016770
1774976877284,46.27165,46.27865,956016770,956016770
1774976878137,46.27185,46.27885,956016770,956016770
1774976878238,46.27215,46.27915,956016770,956016770
1774976878844,46.27135,46.27835,956016770,956016770
1774976879547,46.27155,46.27855,956016770,956016770
1774976879748,46.27115,46.27815,956016770,956016770
1774976880603,46.27075,46.27765,956016770,956016770
1774976882787,46.27115,46.27815,956016770,956016770
1774976883190,46.27465,46.28165,956016770,956016770
1774976883291,46.27435,46.28125,956016770,956016770
1774976883392,46.27405,46.28095,956016770,956016770
1774976883996,46.27325,46.28015,956016770,956016770
1774976884046,46.27385,46.28085,956016770,956016770
1774976886308,46.27365,46.28065,956016770,956016770
1774976886459,46.27395,46.28085,956016770,956016770
1774976887628,46.27345,46.28045,956016770,956016770
1774976888984,46.27315,46.28005,956016770,956016770
1774976889085,46.27295,46.27985,956016770,956016770
1774976892496,46.27085,46.27785,956016770,956016770
1774976892648,46.27095,46.27785,956016770,956016770
1774976893301,46.27085,46.27785,956016770,956016770
1774976894005,46.27165,46.27865,956016770,956016770
1774976894157,46.27095,46.27795,956016770,956016770
1774976894258,46.27175,46.27865,956016770,956016770
1774976894476,46.27135,46.27825,956016770,956016770
1774976894582,46.26945,46.27635,956016770,956016770
1774976894683,46.26965,46.27655,956016770,956016770
1774976895390,46.27005,46.27695,956016770,956016770
1774976895441,46.26965,46.27665,956016770,956016770
1774976896296,46.26935,46.27635,956016770,956016770
1774976896447,46.26965,46.27665,956016770,956016770
1774976897000,46.27005,46.27705,951893602,956016770
1774976897101,46.26975,46.27675,956016770,956016770
1774976897202,46.27015,46.27715,956016770,956016770
1774976897957,46.26955,46.27652,956016770,956016770
1774976898113,46.26915,46.27615,956016770,956016770
1774976898164,46.26945,46.27552,951893602,956016770
1774976898315,46.26915,46.27552,951893602,956016770
1774976898366,46.26415,46.27115,956016770,956016770
1774976898567,46.26445,46.27145,956016770,956016770
1774976898970,46.26475,46.27165,956016770,956016770
1774976899021,46.26585,46.27285,956016770,956016770
1774976899173,46.26565,46.27265,956016770,956016770
1774976899576,46.26585,46.27285,956016770,956016770
1774976899678,46.26635,46.27335,956016770,956016770
1774976900432,46.26595,46.27295,956016770,956016770
1774976901638,46.27025,46.27715,956016770,956016770
1774976901740,46.26945,46.27635,951893602,956016770
1774976901841,46.26885,46.27575,956016770,956016770
1774976902394,46.26845,46.27545,956016770,956016770
1774976902445,46.27005,46.27705,956016770,956016770
1774976902546,46.26995,46.27695,956016770,956016770
1774976903100,46.27015,46.27715,956016770,956016770
1774976903201,46.26985,46.27675,956016770,956016770
1774976903808,46.27015,46.27705,956016770,956016770
1774976903909,46.27045,46.27735,956016770,956016770
1774976904162,46.27255,46.27955,956016770,956016770
1774976904212,46.27185,46.27885,956016770,956016770
1774976904615,46.27275,46.27975,956016770,956016770
1774976904716,46.27225,46.27925,956016770,956016770
1774976904999,46.27205,46.27895,956016770,956016770
1774976905101,46.27225,46.27915,956016770,956016770
1774976905202,46.27255,46.27955,956016770,956016770
1774976905252,46.27235,46.27925,956016770,956016770
1774976905354,46.26925,46.27615,956016770,956016770
1774976905455,46.26955,46.27645,956016770,956016770
1774976905556,46.26755,46.27455,956016770,956016770
1774976905863,46.26725,46.27425,956016770,951893602
1774976905964,46.26855,46.27555,956016770,956016770
1774976906065,46.26955,46.27655,956016770,956016770
1774976906316,46.26795,46.27495,956016770,956016770
1774976906568,46.26825,46.27525,956016770,956016770
1774976906669,46.26805,46.27505,956016770,956016770
1774976906770,46.26945,46.27645,956016770,956016770
1774976907473,46.26955,46.27645,956016770,956016770
1774976908477,46.26945,46.27645,956016770,956016770
1774976909062,46.26905,46.27595,956016770,956016770
1774976909873,46.26905,46.27605,956016770,956016770
1774976909924,46.26885,46.27585,956016770,956016770
1774976910026,46.26568,46.27215,956016770,956016770
1774976910077,46.26615,46.27315,956016770,956016770
1774976913037,46.26655,46.27345,956016770,956016770
1774976913088,46.26805,46.27505,956016770,956016770
1774976913138,46.26715,46.27415,956016770,956016770
1774976914093,46.26605,46.27305,956016770,956016770
1774976915147,46.26085,46.26775,956016770,956016770
1774976915198,46.26015,46.26715,956016770,956016770
1774976915248,46.26055,46.26745,956016770,956016770
1774976915299,46.26005,46.26705,956016770,956016770
1774976916054,46.26085,46.26775,956016770,956016770
1774976916115,46.26105,46.26805,956016770,956016770
1774976916217,46.26145,46.26845,956016770,956016770
1774976916318,46.26115,46.26815,956016770,956016770
1774976917423,46.26095,46.26795,956016770,956016770
1774976917524,46.26225,46.26915,956016770,956016770
1774976918176,46.26265,46.26955,956016770,951893602
1774976918227,46.26295,46.26995,956016770,956016770
1774976918380,46.26365,46.27055,956016770,956016770
1774976918481,46.26675,46.27365,956016770,956016770
1774976918582,46.26735,46.27425,956016770,956016770
1774976918733,46.26655,46.27355,956016770,956016770
1774976918935,46.26635,46.27325,956016770,956016770
1774976919740,46.26595,46.27285,956016770,956016770
1774976919841,46.26525,46.27215,956016770,956016770
1774976920243,46.26485,46.27185,956016770,956016770
1774976920344,46.26555,46.27245,956016770,956016770
1774976921099,46.26625,46.27325,956016770,956016770
1774976921150,46.26665,46.27365,956016770,956016770
1774976922540,46.26635,46.27335,956016770,956016770
1774976922641,46.26575,46.27275,956016770,956016770
1774976923095,46.26475,46.27165,956016770,956016770
1774976923146,46.26365,46.27065,956016770,956016770
1774976923749,46.26345,46.27035,956016770,956016770
1774976923800,46.26285,46.26985,956016770,956016770
1774976924756,46.26315,46.27005,956016770,956016770
1774976924857,46.26245,46.26935,956016770,956016770
1774976925008,46.26305,46.26995,956016770,956016770
1774976925611,46.26335,46.27025,956016770,956016770
1774976925661,46.26375,46.27075,956016770,956016770
1774976926420,46.26355,46.27055,956016770,956016770
1774976926598,46.26425,46.27125,956016770,956016770
1774976927050,46.26405,46.27105,956016770,956016770
1774976927302,46.26345,46.27035,956016770,956016770
1774976930419,46.26375,46.27065,956016770,956016770
1774976930671,46.26325,46.27025,956016770,956016770
1774976930772,46.26305,46.26995,956016770,956016770
1774976930873,46.26165,46.26855,956016770,956016770
1774976932331,46.26095,46.26785,956016770,956016770
1774976932984,46.26165,46.26855,956016770,956016770
1774976933510,46.26175,46.26865,956016770,956016770
1774976934166,46.26145,46.26845,956016770,956016770
1774976934217,46.26115,46.26815,956016770,956016770
1774976934318,46.26155,46.26855,956016770,956016770
1774976935324,46.26145,46.26845,956016770,956016770
1774976935827,46.26175,46.26875,956016770,956016770
1774976935928,46.26195,46.26895,956016770,956016770
1774976936080,46.26295,46.26985,956016770,956016770
1774976936334,46.26245,46.26935,956016770,956016770
1774976937189,46.26095,46.26795,956016770,956016770
1774976937290,46.26085,46.26785,956016770,956016770
1774976938427,46.26125,46.26825,956016770,956016770
1774976938533,46.26065,46.26755,956016770,956016770
1774976938583,46.26085,46.26785,956016770,956016770
1774976939086,46.26125,46.26815,956016770,956016770
1774976939438,46.26145,46.26835,951893602,956016770
1774976939991,46.26115,46.26805,951893602,956016770
1774976940343,46.26055,46.26652,951893602,956016770
1774976940394,46.25725,46.26425,956016770,956016770
1774976940495,46.25755,46.26445,956016770,956016770
1774976941700,46.26015,46.26715,956016770,956016770
1774976941751,46.25995,46.26685,956016770,956016770
1774976941802,46.25995,46.26695,956016770,956016770
1774976942004,46.25945,46.26635,956016770,956016770
1774976942055,46.25905,46.26605,956016770,956016770
1774976942105,46.25885,46.26575,956016770,956016770
1774976942207,46.25835,46.26525,956016770,956016770
1774976942308,46.25925,46.26615,951893602,956016770
1774976942359,46.25835,46.26535,956016770,956016770
1774976942410,46.25805,46.26505,956016770,956016770
1774976942511,46.25785,46.26452,956016770,956016770
1774976942864,46.25805,46.26452,956016770,956016770
1774976942915,46.25255,46.25945,956016770,956016770
1774976942966,46.25315,46.26015,956016770,956016770
1774976943016,46.25235,46.25925,956016770,956016770
1774976943118,46.25295,46.25985,956016770,956016770
1774976944274,46.25315,46.26015,956016770,956016770
1774976944526,46.25235,46.25925,956016770,956016770
1774976944879,46.25255,46.25955,956016770,956016770
1774976945149,46.25305,46.26005,956016770,956016770
1774976945403,46.25275,46.25975,956016770,956016770
1774976945505,46.25465,46.26165,956016770,956016770
1774976945607,46.25505,46.26195,956016770,956016770
1774976945859,46.25445,46.26145,956016770,956016770
1774976945910,46.25425,46.26125,956016770,956016770
1774976946062,46.25455,46.26155,956016770,956016770
1774976946163,46.25665,46.26355,956016770,956016770
1774976946265,46.25645,46.26335,956016770,956016770
1774976946568,46.25605,46.26305,956016770,956016770
1774976946619,46.25565,46.26255,956016770,956016770
1774976947094,46.25535,46.26235,956016770,956016770
1774976947426,46.25555,46.26255,956016770,956016770
1774976947527,46.25525,46.26215,956016770,956016770
1774976947628,46.25365,46.26055,956016770,956016770
1774976947730,46.25265,46.25955,956016770,956016770
1774976948433,46.25335,46.26035,956016770,956016770
1774976948836,46.25455,46.26155,956016770,956016770
1774976948987,46.25385,46.26085,956016770,956016770
1774976949462,46.25425,46.26125,956016770,956016770
1774976951371,46.25475,46.26175,956016770,956016770
1774976951472,46.25515,46.26215,956016770,956016770
1774976951674,46.25455,46.26145,956016770,956016770
1774976951775,46.25495,46.26195,956016770,956016770
1774976952027,46.25545,46.26235,956016770,956016770
1774976952128,46.25485,46.26185,956016770,956016770
1774976952682,46.25535,46.26235,956016770,956016770
1774976952784,46.25505,46.26195,956016770,956016770
1774976953286,46.25495,46.26195,956016770,956016770
1774976953337,46.25475,46.26175,956016770,956016770
1774976953488,46.25565,46.26265,956016770,956016770
1774976953590,46.25505,46.26195,956016770,956016770
1774976954746,46.25465,46.26155,956016770,956016770
1774976954797,46.25505,46.26205,956016770,956016770
1774976955199,46.25485,46.26175,956016770,956016770
1774976955250,46.25505,46.26205,956016770,956016770
1774976956510,46.25485,46.26175,956016770,956016770
1774976957238,46.25505,46.26205,956016770,956016770
1774976957289,46.25535,46.26225,956016770,956016770
1774976957390,46.25555,46.26245,956016770,956016770
1774976957441,46.25525,46.26225,956016770,956016770
1774976957642,46.25475,46.26165,956016770,956016770
1774976957793,46.25415,46.26105,956016770,956016770
1774976957944,46.25385,46.26085,956016770,956016770
1774976958045,46.25455,46.26155,956016770,956016770
1774976958146,46.25465,46.26155,956016770,956016770
1774976959002,46.25535,46.26235,956016770,956016770
1774976959606,46.25405,46.26105,956016770,956016770
1774976959860,46.25535,46.26225,956016770,956016770
1774976959911,46.25585,46.26285,956016770,956016770
1774976960263,46.25565,46.26255,956016770,956016770
1774976961830,46.25535,46.26225,956016770,956016770
1774976961933,46.25555,46.26245,956016770,956016770
1774976964442,46.25525,46.26225,956016770,956016770
1774976964493,46.25555,46.26255,956016770,956016770
1774976964846,46.25615,46.26305,956016770,956016770
1774976964897,46.25635,46.26335,956016770,956016770
1774976965851,46.25665,46.26355,956016770,956016770
1774976965952,46.25765,46.26455,956016770,956016770
1774976966203,46.25675,46.26365,956016770,956016770
1774976966304,46.25585,46.26275,956016770,956016770
1774976966506,46.25565,46.26255,956016770,956016770
1774976967108,46.25625,46.26325,956016770,956016770
1774976967159,46.25785,46.26485,956016770,956016770
1774976968414,46.25715,46.26405,956016770,956016770
1774976968515,46.25805,46.26495,956016770,956016770
1774976971946,46.25795,46.26495,956016770,956016770
1774976972047,46.25765,46.26455,956016770,956016770
1774976972348,46.26075,46.26765,956016770,956016770
1774976972449,46.26055,46.26755,956016770,956016770
1774976973553,46.26105,46.26795,956016770,956016770
1774976973955,46.26125,46.26825,956016770,956016770
1774976974006,46.26265,46.26965,956016770,956016770
1774976974108,46.26195,46.26885,956016770,956016770
1774976974159,46.26305,46.27005,956016770,956016770
1774976974812,46.26345,46.27035,956016770,956016770
1774976974963,46.26225,46.26915,956016770,956016770
1774976975064,46.26325,46.27015,956016770,956016770
1774976975216,46.26345,46.27045,956016770,956016770
1774976975267,46.26445,46.27145,956016770,956016770
1774976975368,46.26395,46.27095,956016770,956016770
1774976975570,46.26345,46.27035,956016770,956016770
1774976976123,46.26295,46.26995,956016770,956016770
1774976976174,46.26265,46.26955,956016770,956016770
1774976976291,46.26325,46.27015,956016770,956016770
1774976976544,46.26295,46.26995,951893602,956016770
1774976976595,46.26325,46.27025,951893602,956016770
1774976976998,46.26455,46.27155,956016770,956016770
1774976977100,46.26395,46.27095,956016770,956016770
1774976977201,46.26495,46.27185,956016770,956016770
1774976977302,46.26755,46.27352,956016770,956016770
1774976977704,46.26955,46.27655,956016770,956016770
1774976977755,46.26895,46.27585,956016770,956016770
1774976977856,46.26845,46.27545,956016770,956016770
1774976978259,46.26915,46.27605,956016770,956016770
1774976978360,46.27065,46.27752,956016770,956016770
1774976978812,46.27105,46.27795,956016770,956016770
1774976978863,46.27165,46.27865,951893602,956016770
1774976978914,46.27095,46.27785,956016770,956016770
1774976979367,46.27215,46.27905,956016770,956016770
1774976979469,46.27535,46.28152,951893602,956016770
1774976979519,46.27495,46.28152,951893602,956016770
1774976979570,46.27205,46.27895,956016770,956016770
1774976979721,46.27125,46.27825,956016770,956016770
1774976979772,46.27035,46.27725,956016770,956016770
1774976979826,46.27135,46.27835,956016770,956016770
1774976980127,46.27085,46.27652,951893602,956016770
1774976980178,46.26855,46.27555,956016770,956016770
1774976980280,46.26795,46.27495,956016770,956016770
1774976980481,46.26825,46.27515,956016770,956016770
1774976980582,46.26745,46.27435,956016770,956016770
1774976980683,46.26615,46.27305,956016770,956016770
1774976980885,46.26655,46.27345,956016770,956016770
1774976980986,46.26715,46.27405,956016770,956016770
1774976981943,46.26765,46.27465,951893602,956016770
1774976981994,46.26695,46.27395,956016770,956016770
1774976982095,46.26715,46.27415,956016770,956016770
1774976982347,46.26785,46.27475,956016770,956016770
1774976982549,46.26895,46.27595,956016770,956016770
1774976982600,46.26845,46.27545,956016770,956016770
1774976984359,46.26915,46.27605,956016770,956016770
1774976984510,46.27215,46.27905,951893602,956016770
1774976984662,46.26975,46.27675,956016770,956016770
1774976984713,46.26815,46.27515,956016770,956016770
1774976984814,46.26965,46.27665,956016770,956016770
1774976985167,46.27025,46.27715,956016770,956016770
1774976985519,46.26945,46.27645,956016770,956016770
1774976985670,46.26995,46.27695,956016770,956016770
1774976985772,46.26825,46.27525,956016770,956016770
1774976985924,46.26855,46.27545,956016770,956016770
1774976986126,46.26845,46.27535,956016770,956016770
1774976986579,46.26925,46.27625,956016770,956016770
1774976986629,46.27265,46.27965,951893602,956016770
1774976987386,46.27295,46.27985,951893602,956016770
